<?xml version="1.0" encoding="UTF-8"?>
<!DOCTYPE html PUBLIC "-//W3C//DTD XHTML 1.0 Transitional//EN"
    "http://www.w3.org/TR/xhtml1/DTD/xhtml1-transitional.dtd">
<html xmlns="http://www.w3.org/1999/xhtml" xml:lang="en" lang="en">
 <head>
  <title>
</title>
<meta http-equiv="Content-Type" content="text/html;charset=utf-8" />
  <meta name='ocr-system' content='tesseract 3.04.00' />
  <meta name='ocr-capabilities' content='ocr_page ocr_carea ocr_par ocr_line ocrx_word'/>
</head>
<body>
  <div class='ocr_page' id='page_1' title='image "./tractatusdebened00wycl_0158.png"; bbox 0 0 2028 3346; ppageno 0'>
   <div class='ocr_carea' id='block_1_1' title="bbox 168 214 1785 262">
    <p class='ocr_par' dir='ltr' id='par_1_1' title="bbox 168 214 1785 262">
     <span class='ocr_line' id='line_1_1' title="bbox 168 214 1785 262; baseline 0.001 -7"><span class='ocrx_word' id='word_1_1' title='bbox 168 214 250 255; x_wconf 80' lang='lat'>122</span> <span class='ocrx_word' id='word_1_2' title='bbox 761 230 981 258; x_wconf 77' lang='lat' dir='ltr'>JoHANNIS</span> <span class='ocrx_word' id='word_1_3' title='bbox 1010 231 1180 259; x_wconf 81' lang='lat' dir='ltr'>WYCLIF</span> <span class='ocrx_word' id='word_1_4' title='bbox 1613 228 1696 262; x_wconf 57' lang='lat' dir='ltr'>[cst.</span> <span class='ocrx_word' id='word_1_5' title='bbox 1715 229 1785 256; x_wconf 85' lang='lat' dir='ltr'>vn.</span> 
     </span>
    </p>
   </div>
   <div class='ocr_carea' id='block_1_2' title="bbox 449 347 1825 747">
    <p class='ocr_par' dir='ltr' id='par_1_2' title="bbox 449 347 1825 747">
     <span class='ocr_line' id='line_1_2' title="bbox 452 347 1784 399; baseline 0.002 -16"><span class='ocrx_word' id='word_1_6' title='bbox 452 348 695 396; x_wconf 81' lang='lat' dir='ltr'>sequeretur1</span> <span class='ocrx_word' id='word_1_7' title='bbox 718 347 862 385; x_wconf 77' lang='lat' dir='ltr'>Christi</span> <span class='ocrx_word' id='word_1_8' title='bbox 882 349 1075 386; x_wconf 79' lang='lat' dir='ltr'>mobilitas</span> <span class='ocrx_word' id='word_1_9' title='bbox 1091 364 1100 397; x_wconf 81' lang='lat'><em>3</em></span> <span class='ocrx_word' id='word_1_10' title='bbox 1121 363 1208 387; x_wconf 94' lang='lat' dir='ltr'>cum</span> <span class='ocrx_word' id='word_1_11' title='bbox 1227 350 1352 387; x_wconf 84' lang='lat' dir='ltr'>Ysaac</span> <span class='ocrx_word' id='word_1_12' title='bbox 1371 349 1541 399; x_wconf 74' lang='lat' dir='ltr'>portavit</span> <span class='ocrx_word' id='word_1_13' title='bbox 1558 349 1665 397; x_wconf 84' lang='lat' dir='ltr'>ligna</span> <span class='ocrx_word' id='word_1_14' title='bbox 1684 348 1784 386; x_wconf 88' lang='lat' dir='ltr'>sicut</span> 
     </span>
     <span class='ocr_line' id='line_1_3' title="bbox 452 416 1784 468; baseline 0.001 -16"><span class='ocrx_word' id='word_1_15' title='bbox 452 416 627 453; x_wconf 89' lang='lat' dir='ltr'>Christus</span> <span class='ocrx_word' id='word_1_16' title='bbox 658 430 821 463; x_wconf 89' lang='lat' dir='ltr'>crucem,</span> <span class='ocrx_word' id='word_1_17' title='bbox 850 417 994 465; x_wconf 86' lang='lat' dir='ltr'>ligatus</span> <span class='ocrx_word' id='word_1_18' title='bbox 1027 421 1085 456; x_wconf 88' lang='lat' dir='ltr'>est</span> <span class='ocrx_word' id='word_1_19' title='bbox 1117 420 1255 468; x_wconf 87' lang='lat' dir='ltr'>super²</span> <span class='ocrx_word' id='word_1_20' title='bbox 1287 422 1443 465; x_wconf 80' lang='lat' dir='ltr'><strong>struem,</strong></span> <span class='ocrx_word' id='word_1_21' title='bbox 1476 418 1575 456; x_wconf 83' lang='lat' dir='ltr'>sicut</span> <span class='ocrx_word' id='word_1_22' title='bbox 1609 418 1784 455; x_wconf 86' lang='lat' dir='ltr'>Christus</span> 
     </span>
     <span class='ocr_line' id='line_1_4' title="bbox 450 486 1784 536; baseline 0.001 -15"><span class='ocrx_word' id='word_1_23' title='bbox 450 486 588 522; x_wconf 76' lang='lat' dir='ltr'>affixus</span> <span class='ocrx_word' id='word_1_24' title='bbox 608 488 665 522; x_wconf 85' lang='lat' dir='ltr'>est</span> <span class='ocrx_word' id='word_1_25' title='bbox 685 486 732 522; x_wconf 86' lang='lat' dir='ltr'>ad</span> <span class='ocrx_word' id='word_1_26' title='bbox 752 499 915 524; x_wconf 86' lang='lat' dir='ltr'>crucem.</span> <span class='ocrx_word' id='word_1_27' title='bbox 971 487 1102 535; x_wconf 86' lang='lat' dir='ltr'>Igitur</span> <span class='ocrx_word' id='word_1_28' title='bbox 1121 501 1208 525; x_wconf 89' lang='lat' dir='ltr'>cum</span> <span class='ocrx_word' id='word_1_29' title='bbox 1229 488 1352 525; x_wconf 83' lang='lat' dir='ltr'>Ysaac</span> <span class='ocrx_word' id='word_1_30' title='bbox 1370 490 1498 525; x_wconf 89' lang='lat' dir='ltr'>noster</span> <span class='ocrx_word' id='word_1_31' title='bbox 1521 501 1570 524; x_wconf 80' lang='lat' dir='ltr'>ex</span> <span class='ocrx_word' id='word_1_32' title='bbox 1589 487 1784 536; x_wconf 87' lang='lat' dir='ltr'>partibus³</span> 
     </span>
     <span class='ocr_line' id='line_1_5' title="bbox 451 556 1780 609; baseline 0.002 -17"><span class='ocrx_word' id='word_1_33' title='bbox 451 556 723 605; x_wconf 80' lang='lat' dir='ltr'>quantitativis</span> <span class='ocrx_word' id='word_1_34' title='bbox 756 558 1008 607; x_wconf 78' lang='lat' dir='ltr'><strong>componitur,</strong></span> <span class='ocrx_word' id='word_1_35' title='bbox 1042 573 1116 609; x_wconf 90' lang='lat' dir='ltr'>que</span> <span class='ocrx_word' id='word_1_36' title='bbox 1148 563 1228 597; x_wconf 83' lang='lat' dir='ltr'>tam</span> <span class='ocrx_word' id='word_1_37' title='bbox 1243 561 1255 581; x_wconf 80' lang='lat'>⁵</span> <span class='ocrx_word' id='word_1_38' title='bbox 1282 560 1386 597; x_wconf 77' lang='lat' dir='ltr'>varie</span> <span class='ocrx_word' id='word_1_39' title='bbox 1420 561 1697 597; x_wconf 78' lang='lat' dir='ltr'>movebantur:</span> <span class='ocrx_word' id='word_1_40' title='bbox 1730 564 1780 604; x_wconf 89' lang='lat' dir='ltr'>et,</span> 
     </span>
     <span class='ocr_line' id='line_1_6' title="bbox 449 627 1825 678; baseline 0.003 -17"><span class='ocrx_word' id='word_1_41' title='bbox 449 629 552 662; x_wconf 86' lang='lat' dir='ltr'>mota</span> <span class='ocrx_word' id='word_1_42' title='bbox 570 629 678 675; x_wconf 85' lang='lat' dir='ltr'>parte</span> <span class='ocrx_word' id='word_1_43' title='bbox 697 627 832 673; x_wconf 85' lang='lat' dir='ltr'>tocius,</span> <span class='ocrx_word' id='word_1_44' title='bbox 854 632 1032 665; x_wconf 80' lang='lat' dir='ltr'>movetur</span> <span class='ocrx_word' id='word_1_45' title='bbox 1051 632 1090 666; x_wconf 92' lang='lat' dir='ltr'>et</span> <span class='ocrx_word' id='word_1_46' title='bbox 1108 632 1247 674; x_wconf 85' lang='lat' dir='ltr'>totum,</span> <span class='ocrx_word' id='word_1_47' title='bbox 1266 629 1375 666; x_wconf 88' lang='lat' dir='ltr'>cuius</span> <span class='ocrx_word' id='word_1_48' title='bbox 1395 635 1451 666; x_wconf 83' lang='lat' dir='ltr'>est</span> <span class='ocrx_word' id='word_1_49' title='bbox 1468 642 1576 678; x_wconf 87' lang='lat' dir='ltr'>pars;</span> <span class='ocrx_word' id='word_1_50' title='bbox 1607 629 1784 678; x_wconf 85' lang='lat' dir='ltr'>sequitur</span> <span class='ocrx_word' id='word_1_51' title='bbox 1803 631 1825 665; x_wconf 88' lang='lat'><strong><em>5</em></strong></span> 
     </span>
     <span class='ocr_line' id='line_1_7' title="bbox 451 694 1783 747; baseline 0.003 -17"><span class='ocrx_word' id='word_1_52' title='bbox 451 694 553 743; x_wconf 83' lang='lat' dir='ltr'>quod</span> <span class='ocrx_word' id='word_1_53' title='bbox 574 695 749 732; x_wconf 85' lang='lat' dir='ltr'>Christus</span> <span class='ocrx_word' id='word_1_54' title='bbox 769 696 1000 744; x_wconf 86' lang='lat' dir='ltr'>compositus</span> <span class='ocrx_word' id='word_1_55' title='bbox 1024 710 1073 734; x_wconf 82' lang='lat' dir='ltr'>ex</span> <span class='ocrx_word' id='word_1_56' title='bbox 1098 697 1176 734; x_wconf 89' lang='lat' dir='ltr'>illis</span> <span class='ocrx_word' id='word_1_57' title='bbox 1204 698 1378 747; x_wconf 86' lang='lat' dir='ltr'>partibus</span> <span class='ocrx_word' id='word_1_58' title='bbox 1406 698 1643 734; x_wconf 79' lang='lat' dir='ltr'>movebatur.</span> <span class='ocrx_word' id='word_1_59' title='bbox 1701 697 1739 734; x_wconf 88' lang='grc' dir='ltr'><strong>Ν</strong></span> <span class='ocrx_word' id='word_1_60' title='bbox 1742 710 1783 734; x_wconf 83' lang='lat' dir='ltr'>ec</span> 
     </span>
    </p>
   </div>
   <div class='ocr_carea' id='block_1_3' title="bbox 164 764 1782 827">
    <p class='ocr_par' dir='ltr' id='par_1_3' title="bbox 164 764 1782 827">
     <span class='ocr_line' id='line_1_8' title="bbox 164 764 1782 827; baseline 0.002 -28"><span class='ocrx_word' id='word_1_61' title='bbox 164 768 227 827; x_wconf 51' lang='grc' dir='ltr'>31ξῖ</span> <span class='ocrx_word' id='word_1_62' title='bbox 245 768 431 827; x_wconf 50' lang='grc' dir='ltr'>Οοὲεξξτὲξὲῐὲ</span> <span class='ocrx_word' id='word_1_63' title='bbox 452 764 587 800; x_wconf 86' lang='lat' dir='ltr'>credo⁵</span> <span class='ocrx_word' id='word_1_64' title='bbox 608 765 878 814; x_wconf 88' lang='lat' dir='ltr'>philosophum</span> <span class='ocrx_word' id='word_1_65' title='bbox 906 766 1030 803; x_wconf 79' lang='lat' dir='ltr'>dicere</span> <span class='ocrx_word' id='word_1_66' title='bbox 1058 767 1185 804; x_wconf 90' lang='lat' dir='ltr'>Deum</span> <span class='ocrx_word' id='word_1_67' title='bbox 1214 780 1293 804; x_wconf 89' lang='lat' dir='ltr'>esse</span> <span class='ocrx_word' id='word_1_68' title='bbox 1322 767 1526 812; x_wconf 87' lang='lat' dir='ltr'>hominem,</span> <span class='ocrx_word' id='word_1_69' title='bbox 1549 766 1625 803; x_wconf 86' lang='lat' dir='ltr'>nisi</span> <span class='ocrx_word' id='word_1_70' title='bbox 1653 779 1782 803; x_wconf 90' lang='lat' dir='ltr'>conse-</span> 
     </span>
    </p>
   </div>
   <div class='ocr_carea' id='block_1_4' title="bbox 164 835 1785 902">
    <p class='ocr_par' dir='ltr' id='par_1_4' title="bbox 164 835 1785 902">
     <span class='ocr_line' id='line_1_9' title="bbox 164 835 1785 902; baseline 0.001 -32"><span class='ocrx_word' id='word_1_71' title='bbox 164 835 433 902; x_wconf 47' lang='grc' dir='ltr'>ξῖἰῇξθέἰῑοῦὧζῗῡ-</span> <span class='ocrx_word' id='word_1_72' title='bbox 451 837 616 882; x_wconf 88' lang='lat' dir='ltr'>quenter</span> <span class='ocrx_word' id='word_1_73' title='bbox 651 835 755 872; x_wconf 85' lang='lat' dir='ltr'>dicat</span> <span class='ocrx_word' id='word_1_74' title='bbox 792 849 880 872; x_wconf 91' lang='lat' dir='ltr'>eum</span> <span class='ocrx_word' id='word_1_75' title='bbox 917 836 1092 885; x_wconf 87' lang='lat' dir='ltr'>componi</span> <span class='ocrx_word' id='word_1_76' title='bbox 1129 850 1179 874; x_wconf 83' lang='lat' dir='ltr'>ex</span> <span class='ocrx_word' id='word_1_77' title='bbox 1215 836 1401 885; x_wconf 84' lang='lat' dir='ltr'>partibus,</span> <span class='ocrx_word' id='word_1_78' title='bbox 1436 839 1475 873; x_wconf 88' lang='lat' dir='ltr'>et</span> <span class='ocrx_word' id='word_1_79' title='bbox 1508 838 1785 884; x_wconf 88' lang='lat' dir='ltr'>consequenter</span> 
     </span>
    </p>
   </div>
   <div class='ocr_carea' id='block_1_5' title="bbox 449 903 1853 1025">
    <p class='ocr_par' dir='ltr' id='par_1_5' title="bbox 449 903 1853 1025">
     <span class='ocr_line' id='line_1_10' title="bbox 449 903 1784 955; baseline 0.001 -16"><span class='ocrx_word' id='word_1_80' title='bbox 449 903 595 940; x_wconf 77' lang='lat' dir='ltr'>moveri</span> <span class='ocrx_word' id='word_1_81' title='bbox 614 904 661 940; x_wconf 87' lang='lat' dir='ltr'>ad</span> <span class='ocrx_word' id='word_1_82' title='bbox 681 907 828 941; x_wconf 89' lang='lat' dir='ltr'>motum</span> <span class='ocrx_word' id='word_1_83' title='bbox 847 906 1131 954; x_wconf 83' lang='lat' dir='ltr'>progressivum</span> <span class='ocrx_word' id='word_1_84' title='bbox 1154 906 1327 955; x_wconf 88' lang='lat' dir='ltr'>parcium</span> <span class='ocrx_word' id='word_1_85' title='bbox 1343 907 1378 953; x_wconf 80' lang='grc'>6;</span> <span class='ocrx_word' id='word_1_86' title='bbox 1408 907 1419 927; x_wconf 99' lang='grc'><strong>7</strong></span> <span class='ocrx_word' id='word_1_87' title='bbox 1435 919 1523 942; x_wconf 90' lang='lat' dir='ltr'>cum</span> <span class='ocrx_word' id='word_1_88' title='bbox 1550 905 1784 954; x_wconf 89' lang='lat' dir='ltr'>impossibile</span> 
     </span>
     <span class='ocr_line' id='line_1_11' title="bbox 450 971 1853 1025; baseline 0.002 -17"><span class='ocrx_word' id='word_1_89' title='bbox 450 971 501 1008; x_wconf 85' lang='lat' dir='ltr'>sit</span> <span class='ocrx_word' id='word_1_90' title='bbox 528 972 677 1022; x_wconf 88' lang='lat' dir='ltr'>aliquid</span> <span class='ocrx_word' id='word_1_91' title='bbox 704 987 781 1010; x_wconf 89' lang='lat' dir='ltr'>non</span> <span class='ocrx_word' id='word_1_92' title='bbox 809 975 965 1021; x_wconf 79' lang='lat' dir='ltr'>moveri,</span> <span class='ocrx_word' id='word_1_93' title='bbox 989 976 1092 1025; x_wconf 87' lang='lat' dir='ltr'>quod</span> <span class='ocrx_word' id='word_1_94' title='bbox 1114 979 1244 1012; x_wconf 87' lang='lat' dir='ltr'>tamen</span> <span class='ocrx_word' id='word_1_95' title='bbox 1272 975 1483 1013; x_wconf 83' lang='lat' dir='ltr'>subiective</span> <span class='ocrx_word' id='word_1_96' title='bbox 1508 976 1649 1012; x_wconf 83' lang='lat' dir='ltr'>habeat</span> <span class='ocrx_word' id='word_1_97' title='bbox 1675 974 1716 1011; x_wconf 89' lang='lat' dir='ltr'>in</span> <span class='ocrx_word' id='word_1_98' title='bbox 1745 987 1784 1012; x_wconf 89' lang='lat' dir='ltr'>se</span> <span class='ocrx_word' id='word_1_99' title='bbox 1807 972 1853 1007; x_wconf 87' lang='grc'>10</span> 
     </span>
    </p>
   </div>
   <div class='ocr_carea' id='block_1_6' title="bbox 164 1034 1780 1099">
    <p class='ocr_par' dir='ltr' id='par_1_6' title="bbox 164 1034 1780 1099">
     <span class='ocr_line' id='line_1_12' title="bbox 164 1034 1780 1099; baseline 0.002 -22"><span class='ocrx_word' id='word_1_100' title='bbox 164 1034 357 1099; x_wconf 51' lang='grc' dir='ltr'>ἑζζὸἆξξοῐξξὲ</span> <span class='ocrx_word' id='word_1_101' title='bbox 373 1036 431 1095; x_wconf 46' lang='grc' dir='ltr'>*ᾗῇ</span> <span class='ocrx_word' id='word_1_102' title='bbox 449 1044 626 1079; x_wconf 88' lang='lat' dir='ltr'>motum.⁷</span> <span class='ocrx_word' id='word_1_103' title='bbox 698 1043 811 1080; x_wconf 86' lang='lat' dir='ltr'>Unde</span> <span class='ocrx_word' id='word_1_104' title='bbox 858 1044 1073 1081; x_wconf 86' lang='lat' dir='ltr'>Ieronimus</span> <span class='ocrx_word' id='word_1_105' title='bbox 1111 1046 1334 1094; x_wconf 75' lang='lat' dir='ltr'>exponendo</span> <span class='ocrx_word' id='word_1_106' title='bbox 1371 1045 1486 1081; x_wconf 85' lang='lat' dir='ltr'>fidem</span> <span class='ocrx_word' id='word_1_107' title='bbox 1523 1044 1780 1081; x_wconf 79' lang='lat' dir='ltr'>catholicam:</span> 
     </span>
    </p>
   </div>
   <div class='ocr_carea' id='block_1_7' title="bbox 162 1103 431 1236">
    <p class='ocr_par' dir='ltr' id='par_1_7' title="bbox 165 1103 339 1128">
     <span class='ocr_line' id='line_1_13' title="bbox 165 1103 339 1128; baseline 0.006 -1"><span class='ocrx_word' id='word_1_108' title='bbox 165 1103 339 1128; x_wconf 78' lang='lat' dir='ltr'>Clementiae</span> 
     </span>
    </p>

    <p class='ocr_par' dir='ltr' id='par_1_8' title="bbox 162 1137 431 1236">
     <span class='ocr_line' id='line_1_14' title="bbox 164 1137 431 1168; baseline 0.007 -8"><span class='ocrx_word' id='word_1_109' title='bbox 164 1137 306 1168; x_wconf 84' lang='lat' dir='ltr'>Decretal‚</span> <span class='ocrx_word' id='word_1_110' title='bbox 382 1137 431 1162; x_wconf 89' lang='lat' dir='ltr'>the</span> 
     </span>
     <span class='ocr_line' id='line_1_15' title="bbox 165 1170 431 1196; baseline 0.011 -3"><span class='ocrx_word' id='word_1_111' title='bbox 165 1170 292 1194; x_wconf 73' lang='lat' dir='ltr'>Catholic</span> <span class='ocrx_word' id='word_1_112' title='bbox 304 1170 431 1196; x_wconf 83' lang='lat' dir='ltr'>doctrine</span> 
     </span>
     <span class='ocr_line' id='line_1_16' title="bbox 162 1203 418 1236; baseline 0.008 -8"><span class='ocrx_word' id='word_1_113' title='bbox 162 1203 185 1228; x_wconf 84' lang='lat' dir='ltr'>is</span> <span class='ocrx_word' id='word_1_114' title='bbox 199 1203 303 1236; x_wconf 78' lang='lat' dir='ltr'>clearly</span> <span class='ocrx_word' id='word_1_115' title='bbox 316 1205 418 1231; x_wconf 83' lang='lat' dir='ltr'><strong>stated.</strong></span> 
     </span>
    </p>
   </div>
   <div class='ocr_carea' id='block_1_8' title="bbox 163 1112 1932 2066">
    <p class='ocr_par' dir='ltr' id='par_1_9' title="bbox 447 1112 1932 1993">
     <span class='ocr_line' id='line_1_17' title="bbox 453 1112 1932 1165; baseline 0.002 -18"><span class='ocrx_word' id='word_1_116' title='bbox 453 1114 607 1159; x_wconf 86' lang='lat' dir='ltr'>‘passus</span> <span class='ocrx_word' id='word_1_117' title='bbox 633 1114 702 1158; x_wconf 88' lang='lat' dir='ltr'>est,</span> <span class='ocrx_word' id='word_1_118' title='bbox 725 1112 866 1161; x_wconf 83' lang='lat' dir='ltr'>inquit,</span> <span class='ocrx_word' id='word_1_119' title='bbox 889 1113 963 1150; x_wconf 87' lang='lat' dir='ltr'>Dei</span> <span class='ocrx_word' id='word_1_120' title='bbox 990 1113 1115 1150; x_wconf 89' lang='lat' dir='ltr'>Filius</span> <span class='ocrx_word' id='word_1_121' title='bbox 1140 1112 1145 1165; x_wconf 84' lang='grc' dir='ltr'>Ι</span> <span class='ocrx_word' id='word_1_122' title='bbox 1169 1127 1246 1151; x_wconf 91' lang='lat' dir='ltr'>non</span> <span class='ocrx_word' id='word_1_123' title='bbox 1268 1114 1445 1162; x_wconf 89' lang='lat' dir='ltr'>putative</span> <span class='ocrx_word' id='word_1_124' title='bbox 1475 1114 1540 1151; x_wconf 85' lang='lat' dir='ltr'>sed</span> <span class='ocrx_word' id='word_1_125' title='bbox 1559 1113 1675 1151; x_wconf 88' lang='lat' dir='ltr'>vere.&#39;</span> <span class='ocrx_word' id='word_1_126' title='bbox 1733 1113 1784 1150; x_wconf 86' lang='lat' dir='ltr'>Et</span> <span class='ocrx_word' id='word_1_127' title='bbox 1805 1114 1842 1158; x_wconf 80' lang='lat'>[0</span> <span class='ocrx_word' id='word_1_128' title='bbox 1855 1114 1932 1158; x_wconf 65' lang='lat'>752]</span> 
     </span>
     <span class='ocr_line' id='line_1_18' title="bbox 448 1180 1784 1230; baseline 0.003 -14"><span class='ocrx_word' id='word_1_129' title='bbox 448 1180 550 1217; x_wconf 87' lang='lat' dir='ltr'>idem</span> <span class='ocrx_word' id='word_1_130' title='bbox 586 1181 697 1218; x_wconf 86' lang='lat' dir='ltr'>docet</span> <span class='ocrx_word' id='word_1_131' title='bbox 732 1182 976 1230; x_wconf 74' lang='lat' dir='ltr'>Augustinus</span> <span class='ocrx_word' id='word_1_132' title='bbox 1012 1183 1054 1220; x_wconf 89' lang='lat' dir='ltr'>in</span> <span class='ocrx_word' id='word_1_133' title='bbox 1096 1183 1347 1220; x_wconf 86' lang='lat' dir='ltr'>Enchiridion</span> <span class='ocrx_word' id='word_1_134' title='bbox 1376 1187 1456 1221; x_wconf 86' lang='lat'>40:</span> <span class='ocrx_word' id='word_1_135' title='bbox 1500 1187 1539 1221; x_wconf 89' lang='lat' dir='ltr'>et</span> <span class='ocrx_word' id='word_1_136' title='bbox 1573 1183 1784 1221; x_wconf 83' lang='lat' dir='ltr'>Decretalis</span> 
     </span>
     <span class='ocr_line' id='line_1_19' title="bbox 447 1249 1779 1291; baseline 0.003 -5"><span class='ocrx_word' id='word_1_137' title='bbox 447 1249 488 1286; x_wconf 89' lang='lat' dir='ltr'>in</span> <span class='ocrx_word' id='word_1_138' title='bbox 527 1250 779 1288; x_wconf 84' lang='lat' dir='ltr'>Clementinis</span> <span class='ocrx_word' id='word_1_139' title='bbox 820 1252 878 1289; x_wconf 89' lang='lat' dir='ltr'>De</span> <span class='ocrx_word' id='word_1_140' title='bbox 921 1252 1077 1290; x_wconf 83' lang='lat' dir='ltr'>Summa</span> <span class='ocrx_word' id='word_1_141' title='bbox 1121 1253 1310 1291; x_wconf 84' lang='lat' dir='ltr'>Trinitate</span> <span class='ocrx_word' id='word_1_142' title='bbox 1350 1256 1388 1291; x_wconf 89' lang='lat' dir='ltr'>et</span> <span class='ocrx_word' id='word_1_143' title='bbox 1427 1253 1522 1291; x_wconf 84' lang='lat' dir='ltr'>Fide</span> <span class='ocrx_word' id='word_1_144' title='bbox 1552 1253 1779 1291; x_wconf 85' lang='lat' dir='ltr'>Catholica:</span> 
     </span>
     <span class='ocr_line' id='line_1_20' title="bbox 451 1320 1851 1370; baseline 0.004 -14"><span class='ocrx_word' id='word_1_145' title='bbox 451 1320 710 1366; x_wconf 86' lang='lat' dir='ltr'>‘confitemur,</span> <span class='ocrx_word' id='word_1_146' title='bbox 734 1321 875 1370; x_wconf 81' lang='lat' dir='ltr'>inquit,</span> <span class='ocrx_word' id='word_1_147' title='bbox 907 1321 1051 1358; x_wconf 89' lang='lat' dir='ltr'>Filium</span> <span class='ocrx_word' id='word_1_148' title='bbox 1085 1322 1170 1368; x_wconf 88' lang='lat' dir='ltr'>Dei,</span> <span class='ocrx_word' id='word_1_149' title='bbox 1193 1336 1271 1359; x_wconf 87' lang='lat' dir='ltr'>una</span> <span class='ocrx_word' id='word_1_150' title='bbox 1297 1336 1384 1359; x_wconf 88' lang='lat' dir='ltr'>cum</span> <span class='ocrx_word' id='word_1_151' title='bbox 1413 1322 1529 1360; x_wconf 86' lang='lat' dir='ltr'>Patre</span> <span class='ocrx_word' id='word_1_152' title='bbox 1559 1322 1784 1360; x_wconf 77' lang='lat' dir='ltr'>eternaliter</span> <span class='ocrx_word' id='word_1_153' title='bbox 1807 1327 1851 1361; x_wconf 88' lang='lat'>15</span> 
     </span>
     <span class='ocr_line' id='line_1_21' title="bbox 449 1389 1783 1440; baseline 0.001 -15"><span class='ocrx_word' id='word_1_154' title='bbox 449 1389 733 1435; x_wconf 77' lang='lat' dir='ltr'>subsistentem,</span> <span class='ocrx_word' id='word_1_155' title='bbox 756 1394 884 1438; x_wconf 86' lang='lat' dir='ltr'>partes</span> <span class='ocrx_word' id='word_1_156' title='bbox 916 1394 1044 1428; x_wconf 84' lang='lat' dir='ltr'>nostre</span> <span class='ocrx_word' id='word_1_157' title='bbox 1077 1395 1214 1428; x_wconf 84' lang='lat' dir='ltr'>nature</span> <span class='ocrx_word' id='word_1_158' title='bbox 1246 1392 1362 1428; x_wconf 87' lang='lat' dir='ltr'>simul</span> <span class='ocrx_word' id='word_1_159' title='bbox 1391 1391 1533 1438; x_wconf 86' lang='lat' dir='ltr'>unitas,</span> <span class='ocrx_word' id='word_1_160' title='bbox 1563 1405 1613 1429; x_wconf 82' lang='lat' dir='ltr'>ex</span> <span class='ocrx_word' id='word_1_161' title='bbox 1643 1392 1783 1440; x_wconf 85' lang='lat' dir='ltr'>quibus</span> 
     </span>
     <span class='ocr_line' id='line_1_22' title="bbox 447 1458 1783 1511; baseline 0.002 -17"><span class='ocrx_word' id='word_1_162' title='bbox 447 1458 530 1507; x_wconf 86' lang='lat' dir='ltr'>ipse</span> <span class='ocrx_word' id='word_1_163' title='bbox 550 1472 663 1495; x_wconf 88' lang='lat' dir='ltr'>verus</span> <span class='ocrx_word' id='word_1_164' title='bbox 683 1459 789 1496; x_wconf 90' lang='lat' dir='ltr'>Deus</span> <span class='ocrx_word' id='word_1_165' title='bbox 808 1459 849 1496; x_wconf 92' lang='lat' dir='ltr'>in</span> <span class='ocrx_word' id='word_1_166' title='bbox 869 1473 907 1497; x_wconf 90' lang='lat' dir='ltr'>se</span> <span class='ocrx_word' id='word_1_167' title='bbox 928 1460 1099 1497; x_wconf 78' lang='lat' dir='ltr'>existens</span> <span class='ocrx_word' id='word_1_168' title='bbox 1118 1461 1253 1498; x_wconf 80' lang='lat' dir='ltr'>fieret8</span> <span class='ocrx_word' id='word_1_169' title='bbox 1274 1474 1388 1498; x_wconf 82' lang='lat' dir='ltr'>verus</span> <span class='ocrx_word' id='word_1_170' title='bbox 1406 1462 1530 1506; x_wconf 90' lang='lat' dir='ltr'>homo,</span> <span class='ocrx_word' id='word_1_171' title='bbox 1551 1461 1783 1511; x_wconf 88' lang='lat' dir='ltr'>(humanum</span> 
     </span>
     <span class='ocr_line' id='line_1_23' title="bbox 447 1528 1779 1577; baseline 0.002 -13"><span class='ocrx_word' id='word_1_172' title='bbox 447 1528 654 1565; x_wconf 80' lang='lat' dir='ltr'>videlicet⁹</span> <span class='ocrx_word' id='word_1_173' title='bbox 684 1541 820 1577; x_wconf 85' lang='lat' dir='ltr'>corpus</span> <span class='ocrx_word' id='word_1_174' title='bbox 858 1532 897 1566; x_wconf 88' lang='lat' dir='ltr'>et</span> <span class='ocrx_word' id='word_1_175' title='bbox 926 1529 1092 1566; x_wconf 86' lang='lat' dir='ltr'>animam</span> <span class='ocrx_word' id='word_1_176' title='bbox 1125 1530 1405 1567; x_wconf 84' lang='lat' dir='ltr'>intellectivam</span> <span class='ocrx_word' id='word_1_177' title='bbox 1438 1544 1505 1568; x_wconf 88' lang='lat' dir='ltr'>seu</span> <span class='ocrx_word' id='word_1_178' title='bbox 1537 1531 1779 1576; x_wconf 85' lang='lat' dir='ltr'>racionalem,</span> 
     </span>
     <span class='ocr_line' id='line_1_24' title="bbox 447 1596 1781 1649; baseline 0.002 -16"><span class='ocrx_word' id='word_1_179' title='bbox 447 1596 575 1645; x_wconf 88' lang='lat' dir='ltr'>ipsum</span> <span class='ocrx_word' id='word_1_180' title='bbox 602 1610 737 1646; x_wconf 88' lang='lat' dir='ltr'>corpus</span> <span class='ocrx_word' id='word_1_181' title='bbox 766 1611 853 1635; x_wconf 89' lang='lat' dir='ltr'>vere</span> <span class='ocrx_word' id='word_1_182' title='bbox 885 1601 923 1635; x_wconf 89' lang='lat' dir='ltr'>et</span> <span class='ocrx_word' id='word_1_183' title='bbox 955 1611 1023 1647; x_wconf 90' lang='lat' dir='ltr'>per</span> <span class='ocrx_word' id='word_1_184' title='bbox 1053 1612 1090 1636; x_wconf 90' lang='lat' dir='ltr'>se</span> <span class='ocrx_word' id='word_1_185' title='bbox 1119 1602 1158 1636; x_wconf 90' lang='lat' dir='ltr'>et</span> <span class='ocrx_word' id='word_1_186' title='bbox 1188 1599 1448 1636; x_wconf 86' lang='lat' dir='ltr'>essencialiter</span> <span class='ocrx_word' id='word_1_187' title='bbox 1476 1599 1781 1649; x_wconf 78' lang='lat' dir='ltr'>informantem‚)</span> 
     </span>
     <span class='ocr_line' id='line_1_25' title="bbox 448 1666 1852 1716; baseline 0.003 -14"><span class='ocrx_word' id='word_1_188' title='bbox 448 1666 695 1715; x_wconf 84' lang='lat' dir='ltr'>assumpsisse</span> <span class='ocrx_word' id='word_1_189' title='bbox 733 1680 782 1703; x_wconf 79' lang='lat' dir='ltr'>ex</span> <span class='ocrx_word' id='word_1_190' title='bbox 818 1669 990 1716; x_wconf 88' lang='lat' dir='ltr'>tempore</span> <span class='ocrx_word' id='word_1_191' title='bbox 1023 1667 1064 1704; x_wconf 91' lang='lat' dir='ltr'>in</span> <span class='ocrx_word' id='word_1_192' title='bbox 1096 1667 1279 1716; x_wconf 83' lang='lat' dir='ltr'>virginali</span> <span class='ocrx_word' id='word_1_193' title='bbox 1311 1669 1481 1706; x_wconf 83' lang='lat' dir='ltr'>thalamo</span> <span class='ocrx_word' id='word_1_194' title='bbox 1514 1669 1561 1706; x_wconf 90' lang='lat' dir='ltr'>ad</span> <span class='ocrx_word' id='word_1_195' title='bbox 1592 1669 1782 1706; x_wconf 87' lang='lat' dir='ltr'>unitatem</span> <span class='ocrx_word' id='word_1_196' title='bbox 1803 1676 1852 1710; x_wconf 87' lang='lat'>20</span> 
     </span>
     <span class='ocr_line' id='line_1_26' title="bbox 449 1736 1783 1787; baseline 0.004 -16"><span class='ocrx_word' id='word_1_197' title='bbox 449 1748 515 1772; x_wconf 90' lang='lat' dir='ltr'>sue</span> <span class='ocrx_word' id='word_1_198' title='bbox 536 1736 725 1785; x_wconf 74' lang='lat' dir='ltr'>ypostasis</span> <span class='ocrx_word' id='word_1_199' title='bbox 739 1736 764 1755; x_wconf 83' lang='lat'>¹⁰</span> <span class='ocrx_word' id='word_1_200' title='bbox 785 1750 851 1773; x_wconf 87' lang='lat' dir='ltr'>seu</span> <span class='ocrx_word' id='word_1_201' title='bbox 870 1750 1051 1785; x_wconf 85' lang='lat' dir='ltr'>persone:</span> <span class='ocrx_word' id='word_1_202' title='bbox 1085 1741 1122 1774; x_wconf 86' lang='lat' dir='ltr'>et</span> <span class='ocrx_word' id='word_1_203' title='bbox 1143 1738 1245 1787; x_wconf 87' lang='lat' dir='ltr'>quod</span> <span class='ocrx_word' id='word_1_204' title='bbox 1264 1738 1304 1774; x_wconf 89' lang='lat' dir='ltr'>in</span> <span class='ocrx_word' id='word_1_205' title='bbox 1323 1739 1394 1775; x_wconf 90' lang='lat' dir='ltr'>hac</span> <span class='ocrx_word' id='word_1_206' title='bbox 1423 1741 1617 1787; x_wconf 84' lang='lat' dir='ltr'>assumpta</span> <span class='ocrx_word' id='word_1_207' title='bbox 1644 1743 1783 1776; x_wconf 86' lang='lat' dir='ltr'>natura</span> 
     </span>
     <span class='ocr_line' id='line_1_27' title="bbox 447 1805 1783 1856; baseline 0.002 -14"><span class='ocrx_word' id='word_1_208' title='bbox 447 1805 576 1855; x_wconf 89' lang='lat' dir='ltr'>ipsum</span> <span class='ocrx_word' id='word_1_209' title='bbox 613 1806 687 1843; x_wconf 85' lang='lat' dir='ltr'>Dei</span> <span class='ocrx_word' id='word_1_210' title='bbox 721 1806 892 1843; x_wconf 88' lang='lat' dir='ltr'>Verbum</span> <span class='ocrx_word' id='word_1_211' title='bbox 924 1820 993 1855; x_wconf 91' lang='lat' dir='ltr'>pro</span> <span class='ocrx_word' id='word_1_212' title='bbox 1027 1806 1130 1843; x_wconf 89' lang='lat' dir='ltr'>omni</span> <span class='ocrx_word' id='word_1_213' title='bbox 1163 1808 1352 1856; x_wconf 86' lang='lat' dir='ltr'>operanda</span> <span class='ocrx_word' id='word_1_214' title='bbox 1388 1808 1513 1845; x_wconf 89' lang='lat' dir='ltr'>salute</span> <span class='ocrx_word' id='word_1_215' title='bbox 1545 1821 1622 1844; x_wconf 88' lang='lat' dir='ltr'>non</span> <span class='ocrx_word' id='word_1_216' title='bbox 1660 1809 1783 1845; x_wconf 89' lang='lat' dir='ltr'>solum</span> 
     </span>
     <span class='ocr_line' id='line_1_28' title="bbox 448 1875 1783 1922; baseline 0.002 -10"><span class='ocrx_word' id='word_1_217' title='bbox 448 1875 551 1922; x_wconf 82' lang='lat' dir='ltr'>affigi</span> <span class='ocrx_word' id='word_1_218' title='bbox 589 1875 693 1912; x_wconf 90' lang='lat' dir='ltr'>cruci</span> <span class='ocrx_word' id='word_1_219' title='bbox 729 1879 768 1913; x_wconf 91' lang='lat' dir='ltr'>et</span> <span class='ocrx_word' id='word_1_220' title='bbox 804 1876 845 1912; x_wconf 88' lang='lat' dir='ltr'>in</span> <span class='ocrx_word' id='word_1_221' title='bbox 883 1889 926 1913; x_wconf 91' lang='lat' dir='ltr'>ea</span> <span class='ocrx_word' id='word_1_222' title='bbox 963 1876 1059 1913; x_wconf 89' lang='lat' dir='ltr'>mori</span> <span class='ocrx_word' id='word_1_223' title='bbox 1096 1877 1232 1921; x_wconf 80' lang='lat' dir='ltr'>voluit,</span> <span class='ocrx_word' id='word_1_224' title='bbox 1274 1878 1339 1914; x_wconf 84' lang='lat' dir='ltr'>sed</span> <span class='ocrx_word' id='word_1_225' title='bbox 1376 1877 1496 1914; x_wconf 84' lang='lat' dir='ltr'>eciam</span> <span class='ocrx_word' id='word_1_226' title='bbox 1533 1878 1670 1915; x_wconf 90' lang='lat' dir='ltr'>emisso</span> <span class='ocrx_word' id='word_1_227' title='bbox 1707 1878 1783 1915; x_wconf 85' lang='lat' dir='ltr'>iam</span> 
     </span>
     <span class='ocr_line' id='line_1_29' title="bbox 448 1944 1430 1993; baseline 0.002 -12"><span class='ocrx_word' id='word_1_228' title='bbox 448 1944 588 1993; x_wconf 87' lang='lat' dir='ltr'>spiritu</span> <span class='ocrx_word' id='word_1_229' title='bbox 608 1944 793 1993; x_wconf 80' lang='lat' dir='ltr'>perforari</span> <span class='ocrx_word' id='word_1_230' title='bbox 812 1945 945 1982; x_wconf 87' lang='lat' dir='ltr'>lancea</span> <span class='ocrx_word' id='word_1_231' title='bbox 965 1945 1151 1982; x_wconf 88' lang='lat' dir='ltr'>sustinuit</span> <span class='ocrx_word' id='word_1_232' title='bbox 1168 1946 1271 1983; x_wconf 87' lang='lat' dir='ltr'>latus</span> <span class='ocrx_word' id='word_1_233' title='bbox 1291 1946 1430 1983; x_wconf 85' lang='lat' dir='ltr'>suum.&#39;</span> 
     </span>
    </p>

    <p class='ocr_par' dir='ltr' id='par_1_10' title="bbox 163 2014 1849 2066">
     <span class='ocr_line' id='line_1_30' title="bbox 163 2014 1849 2066; baseline 0.005 -18"><span class='ocrx_word' id='word_1_234' title='bbox 163 2019 185 2045; x_wconf 94' lang='lat'>1.</span> <span class='ocrx_word' id='word_1_235' title='bbox 212 2019 307 2044; x_wconf 77' lang='lat' dir='ltr'>Christ</span> <span class='ocrx_word' id='word_1_236' title='bbox 330 2019 354 2044; x_wconf 75' lang='lat' dir='ltr'>is</span> <span class='ocrx_word' id='word_1_237' title='bbox 375 2027 428 2045; x_wconf 84' lang='lat' dir='ltr'>one</span> <span class='ocrx_word' id='word_1_238' title='bbox 501 2015 598 2051; x_wconf 87' lang='lat' dir='ltr'>Ecce</span> <span class='ocrx_word' id='word_1_239' title='bbox 627 2014 750 2063; x_wconf 88' lang='lat' dir='ltr'>primo</span> <span class='ocrx_word' id='word_1_240' title='bbox 778 2014 1001 2052; x_wconf 79' lang='lat' dir='ltr'>univocacio</span> <span class='ocrx_word' id='word_1_241' title='bbox 1017 2015 1041 2034; x_wconf 85' lang='lat'>¹¹</span> <span class='ocrx_word' id='word_1_242' title='bbox 1072 2015 1215 2052; x_wconf 84' lang='lat' dir='ltr'>Christi</span> <span class='ocrx_word' id='word_1_243' title='bbox 1244 2028 1330 2053; x_wconf 88' lang='lat' dir='ltr'>cum</span> <span class='ocrx_word' id='word_1_244' title='bbox 1368 2016 1554 2053; x_wconf 84' lang='lat' dir='ltr'>fratribus</span> <span class='ocrx_word' id='word_1_245' title='bbox 1587 2017 1613 2037; x_wconf 80' lang='lat'>¹²</span> <span class='ocrx_word' id='word_1_246' title='bbox 1626 2020 1783 2066; x_wconf 84' lang='lat' dir='ltr'>propter</span> <span class='ocrx_word' id='word_1_247' title='bbox 1801 2024 1849 2058; x_wconf 84' lang='lat'>25</span> 
     </span>
    </p>
   </div>
   <div class='ocr_carea' id='block_1_9' title="bbox 163 2052 428 2078">
    <p class='ocr_par' dir='ltr' id='par_1_11' title="bbox 163 2052 428 2078">
     <span class='ocr_line' id='line_1_31' title="bbox 163 2052 428 2078; baseline 0.008 -2"><span class='ocrx_word' id='word_1_248' title='bbox 163 2052 233 2077; x_wconf 85' lang='lat' dir='ltr'>with</span> <span class='ocrx_word' id='word_1_249' title='bbox 242 2053 286 2077; x_wconf 84' lang='lat' dir='ltr'>his</span> <span class='ocrx_word' id='word_1_250' title='bbox 293 2053 428 2078; x_wconf 84' lang='lat' dir='ltr'>brethren</span> 
     </span>
    </p>
   </div>
   <div class='ocr_carea' id='block_1_10' title="bbox 160 2083 1220 2145">
    <p class='ocr_par' dir='ltr' id='par_1_12' title="bbox 160 2083 1220 2145">
     <span class='ocr_line' id='line_1_32' title="bbox 160 2083 1220 2145; baseline 0.001 -25"><span class='ocrx_word' id='word_1_251' title='bbox 160 2085 429 2145; x_wconf 41' lang='lat' dir='ltr'>agglisstzgeffifflffng</span> <span class='ocrx_word' id='word_1_252' title='bbox 448 2083 756 2120; x_wconf 79' lang='lat' dir='ltr'>convenienciam</span> <span class='ocrx_word' id='word_1_253' title='bbox 770 2084 796 2104; x_wconf 74' lang='lat'>12</span> <span class='ocrx_word' id='word_1_254' title='bbox 814 2083 854 2120; x_wconf 92' lang='lat' dir='ltr'>in</span> <span class='ocrx_word' id='word_1_255' title='bbox 874 2089 1012 2121; x_wconf 87' lang='lat' dir='ltr'>natura</span> <span class='ocrx_word' id='word_1_256' title='bbox 1032 2085 1220 2133; x_wconf 88' lang='lat' dir='ltr'>specifica.</span> 
     </span>
    </p>
   </div>
   <div class='ocr_carea' id='block_1_11' title="bbox 159 2152 1780 2582">
    <p class='ocr_par' dir='ltr' id='par_1_13' title="bbox 159 2152 1780 2582">
     <span class='ocr_line' id='line_1_33' title="bbox 162 2152 1216 2219; baseline 0.002 -31"><span class='ocrx_word' id='word_1_257' title='bbox 162 2153 429 2219; x_wconf 37' lang='lat' dir='ltr'>{Percigctffiissrffdf-</span> <span class='ocrx_word' id='word_1_258' title='bbox 501 2152 600 2190; x_wconf 89' lang='lat' dir='ltr'>Ecce</span> <span class='ocrx_word' id='word_1_259' title='bbox 623 2155 674 2189; x_wconf 81' lang='lat'>20.</span> <span class='ocrx_word' id='word_1_260' title='bbox 696 2166 786 2189; x_wconf 79' lang='lat' dir='ltr'>vera</span> <span class='ocrx_word' id='word_1_261' title='bbox 804 2153 928 2201; x_wconf 86' lang='lat' dir='ltr'>passio</span> <span class='ocrx_word' id='word_1_262' title='bbox 948 2153 1040 2190; x_wconf 87' lang='lat' dir='ltr'>Iesu</span> <span class='ocrx_word' id='word_1_263' title='bbox 1061 2153 1216 2190; x_wconf 86' lang='lat' dir='ltr'>Christi.</span> 
     </span>
     <span class='ocr_line' id='line_1_34' title="bbox 161 2219 1780 2278; baseline 0.004 -22"><span class='ocrx_word' id='word_1_264' title='bbox 161 2219 259 2277; x_wconf 48' lang='lat' dir='ltr'>{seg-e</span> <span class='ocrx_word' id='word_1_265' title='bbox 282 2260 340 2277; x_wconf 77' lang='lat' dir='ltr'>was</span> <span class='ocrx_word' id='word_1_266' title='bbox 363 2260 428 2278; x_wconf 84' lang='lat' dir='ltr'>man</span> <span class='ocrx_word' id='word_1_267' title='bbox 501 2221 553 2258; x_wconf 88' lang='lat' dir='ltr'>Et</span> <span class='ocrx_word' id='word_1_268' title='bbox 573 2224 624 2259; x_wconf 82' lang='lat'>30.</span> <span class='ocrx_word' id='word_1_269' title='bbox 648 2234 732 2258; x_wconf 91' lang='lat' dir='ltr'>cum</span> <span class='ocrx_word' id='word_1_270' title='bbox 752 2234 884 2270; x_wconf 87' lang='lat' dir='ltr'>passus</span> <span class='ocrx_word' id='word_1_271' title='bbox 904 2221 954 2259; x_wconf 90' lang='lat' dir='ltr'>sit</span> <span class='ocrx_word' id='word_1_272' title='bbox 973 2225 1012 2259; x_wconf 92' lang='lat' dir='ltr'>et</span> <span class='ocrx_word' id='word_1_273' title='bbox 1031 2225 1216 2269; x_wconf 89' lang='lat' dir='ltr'>mortuus,</span> <span class='ocrx_word' id='word_1_274' title='bbox 1241 2222 1416 2272; x_wconf 88' lang='lat' dir='ltr'>sequitur</span> <span class='ocrx_word' id='word_1_275' title='bbox 1435 2224 1536 2273; x_wconf 86' lang='lat' dir='ltr'>quod</span> <span class='ocrx_word' id='word_1_276' title='bbox 1563 2223 1641 2261; x_wconf 80' lang='lat' dir='ltr'>fuit</span> <span class='ocrx_word' id='word_1_277' title='bbox 1668 2225 1780 2262; x_wconf 91' lang='lat' dir='ltr'>homo</span> 
     </span>
     <span class='ocr_line' id='line_1_35' title="bbox 159 2285 760 2339; baseline 0.002 -13"><span class='ocrx_word' id='word_1_278' title='bbox 159 2285 341 2311; x_wconf 79' lang='lat' dir='ltr'>inthethree</span> <span class='ocrx_word' id='word_1_279' title='bbox 349 2287 428 2319; x_wconf 60' lang='lat'>‘³³5²&#39;</span> <span class='ocrx_word' id='word_1_280' title='bbox 446 2303 514 2339; x_wconf 87' lang='lat' dir='ltr'>pro</span> <span class='ocrx_word' id='word_1_281' title='bbox 533 2290 601 2327; x_wconf 91' lang='lat' dir='ltr'>illo</span> <span class='ocrx_word' id='word_1_282' title='bbox 620 2290 760 2327; x_wconf 88' lang='lat' dir='ltr'>triduo.</span> 
     </span>
     <span class='ocr_line' id='line_1_36' title="bbox 161 2320 366 2346; baseline 0.01 -2"><span class='ocrx_word' id='word_1_283' title='bbox 161 2320 366 2346; x_wconf 85' lang='lat' dir='ltr'>entombment.</span> 
     </span>
     <span class='ocr_line' id='line_1_37' title="bbox 218 2410 1733 2452; baseline 0.003 -10"><span class='ocrx_word' id='word_1_284' title='bbox 218 2410 228 2430; x_wconf 84' lang='lat'>¹</span> <span class='ocrx_word' id='word_1_285' title='bbox 253 2411 395 2452; x_wconf 88' lang='lat' dir='ltr'>sequitur</span> <span class='ocrx_word' id='word_1_286' title='bbox 410 2411 439 2442; x_wconf 92' lang='lat' dir='ltr'>A</span> <span class='ocrx_word' id='word_1_287' title='bbox 453 2411 479 2442; x_wconf 93' lang='lat' dir='ltr'>B</span> <span class='ocrx_word' id='word_1_288' title='bbox 493 2411 528 2443; x_wconf 83' lang='lat' dir='ltr'>C.</span> <span class='ocrx_word' id='word_1_289' title='bbox 856 2412 869 2430; x_wconf 75' lang='lat'>2²</span> <span class='ocrx_word' id='word_1_290' title='bbox 893 2412 932 2443; x_wconf 83' lang='lat' dir='ltr'>ad</span> <span class='ocrx_word' id='word_1_291' title='bbox 948 2412 1010 2443; x_wconf 90' lang='lat' dir='ltr'>AB</span> <span class='ocrx_word' id='word_1_292' title='bbox 1021 2412 1057 2444; x_wconf 84' lang='lat' dir='ltr'>C.</span> <span class='ocrx_word' id='word_1_293' title='bbox 1357 2413 1369 2434; x_wconf 83' lang='grc'>3</span> <span class='ocrx_word' id='word_1_294' title='bbox 1393 2415 1509 2445; x_wconf 86' lang='lat' dir='ltr'>nostris</span> <span class='ocrx_word' id='word_1_295' title='bbox 1526 2417 1597 2446; x_wconf 81' lang='lat' dir='ltr'>add.</span> <span class='ocrx_word' id='word_1_296' title='bbox 1619 2415 1646 2446; x_wconf 93' lang='lat' dir='ltr'>A</span> <span class='ocrx_word' id='word_1_297' title='bbox 1658 2415 1683 2446; x_wconf 93' lang='lat' dir='ltr'>B</span> <span class='ocrx_word' id='word_1_298' title='bbox 1697 2415 1733 2447; x_wconf 83' lang='lat' dir='ltr'>C.</span> 
     </span>
     <span class='ocr_line' id='line_1_38' title="bbox 218 2453 1622 2499; baseline 0.004 -14"><span class='ocrx_word' id='word_1_299' title='bbox 218 2453 230 2473; x_wconf 77' lang='lat'><strong><em>4</em></strong></span> <span class='ocrx_word' id='word_1_300' title='bbox 255 2458 291 2485; x_wconf 83' lang='lat' dir='ltr'>tn</span> <span class='ocrx_word' id='word_1_301' title='bbox 309 2455 439 2496; x_wconf 88' lang='lat' dir='ltr'>(tamen)</span> <span class='ocrx_word' id='word_1_302' title='bbox 460 2454 497 2485; x_wconf 90' lang='lat' dir='ltr'>B.</span> <span class='ocrx_word' id='word_1_303' title='bbox 849 2455 862 2474; x_wconf 76' lang='lat'>⁵</span> <span class='ocrx_word' id='word_1_304' title='bbox 886 2455 977 2486; x_wconf 68' lang='lat' dir='ltr'>credo</span> <span class='ocrx_word' id='word_1_305' title='bbox 1001 2467 1059 2487; x_wconf 86' lang='lat' dir='ltr'>om.</span> <span class='ocrx_word' id='word_1_306' title='bbox 1080 2455 1117 2487; x_wconf 88' lang='lat' dir='ltr'>B.</span> <span class='ocrx_word' id='word_1_307' title='bbox 1359 2459 1371 2478; x_wconf 76' lang='lat'><strong>⁶</strong></span> <span class='ocrx_word' id='word_1_308' title='bbox 1394 2468 1450 2499; x_wconf 90' lang='lat' dir='ltr'>per</span> <span class='ocrx_word' id='word_1_309' title='bbox 1465 2461 1570 2489; x_wconf 86' lang='lat' dir='ltr'>totum</span> <span class='ocrx_word' id='word_1_310' title='bbox 1587 2458 1622 2491; x_wconf 89' lang='lat' dir='ltr'>C.</span> 
     </span>
     <span class='ocr_line' id='line_1_39' title="bbox 221 2498 1562 2533; baseline 0.003 -5"><span class='ocrx_word' id='word_1_311' title='bbox 221 2498 269 2520; x_wconf 85' lang='grc'>7-7</span> <span class='ocrx_word' id='word_1_312' title='bbox 294 2508 364 2529; x_wconf 91' lang='lat' dir='ltr'>cum</span> <span class='ocrx_word' id='word_1_313' title='bbox 383 2521 389 2529; x_wconf 95' lang='lat'><strong><em>.</em></strong></span> <span class='ocrx_word' id='word_1_314' title='bbox 409 2522 438 2530; x_wconf 90' lang='lat'>..</span> <span class='ocrx_word' id='word_1_315' title='bbox 458 2500 581 2529; x_wconf 89' lang='lat' dir='ltr'>motum</span> <span class='ocrx_word' id='word_1_316' title='bbox 603 2509 661 2529; x_wconf 89' lang='lat' dir='ltr'>om.</span> <span class='ocrx_word' id='word_1_317' title='bbox 680 2498 718 2528; x_wconf 90' lang='lat' dir='ltr'>B.</span> <span class='ocrx_word' id='word_1_318' title='bbox 845 2498 857 2517; x_wconf 71' lang='grc'>8</span> <span class='ocrx_word' id='word_1_319' title='bbox 881 2499 964 2529; x_wconf 81' lang='lat' dir='ltr'>foret</span> <span class='ocrx_word' id='word_1_320' title='bbox 982 2498 1019 2530; x_wconf 83' lang='lat' dir='ltr'>O.</span> <span class='ocrx_word' id='word_1_321' title='bbox 1352 2500 1364 2519; x_wconf 83' lang='lat'>9</span> <span class='ocrx_word' id='word_1_322' title='bbox 1386 2501 1508 2532; x_wconf 82' lang='lat' dir='ltr'>scilicet</span> <span class='ocrx_word' id='word_1_323' title='bbox 1524 2501 1562 2533; x_wconf 91' lang='lat' dir='ltr'>B.</span> 
     </span>
     <span class='ocr_line' id='line_1_40' title="bbox 206 2540 1290 2582; baseline 0.003 -11"><span class='ocrx_word' id='word_1_324' title='bbox 206 2540 232 2559; x_wconf 91' lang='lat'>¹⁰</span> <span class='ocrx_word' id='word_1_325' title='bbox 255 2540 429 2582; x_wconf 85' lang='lat' dir='ltr'>ypostatice</span> <span class='ocrx_word' id='word_1_326' title='bbox 445 2543 473 2571; x_wconf 94' lang='lat' dir='ltr'>A</span> <span class='ocrx_word' id='word_1_327' title='bbox 487 2541 512 2571; x_wconf 92' lang='lat' dir='ltr'>B</span> <span class='ocrx_word' id='word_1_328' title='bbox 526 2541 561 2572; x_wconf 85' lang='lat' dir='ltr'>C.</span> <span class='ocrx_word' id='word_1_329' title='bbox 835 2541 859 2561; x_wconf 82' lang='lat'>¹1</span> <span class='ocrx_word' id='word_1_330' title='bbox 884 2542 971 2573; x_wconf 57' lang='lat' dir='ltr'>unii}</span> <span class='ocrx_word' id='word_1_331' title='bbox 990 2542 1106 2582; x_wconf 77' lang='lat' dir='ltr'>(anicio</span> <span class='ocrx_word' id='word_1_332' title='bbox 1122 2543 1148 2582; x_wconf 79' lang='lat'>?)</span> <span class='ocrx_word' id='word_1_333' title='bbox 1170 2542 1207 2574; x_wconf 94' lang='grc' dir='ltr'>Ο.</span> <span class='ocrx_word' id='word_1_334' title='bbox 1270 2563 1290 2579; x_wconf 92' lang='lat' dir='ltr'>u</span> 
     </span>
    </p>
   </div>
   <div class='ocr_carea' id='block_1_12' title="bbox 160 2583 1775 2658">
    <p class='ocr_par' dir='ltr' id='par_1_14' title="bbox 160 2583 1775 2658">
     <span class='ocr_line' id='line_1_41' title="bbox 207 2583 1775 2631; baseline 0.004 -18"><span class='ocrx_word' id='word_1_335' title='bbox 207 2583 233 2602; x_wconf 79' lang='lat'>¹2</span> <span class='ocrx_word' id='word_1_336' title='bbox 256 2587 385 2625; x_wconf 87' lang='lat' dir='ltr'>propter</span> <span class='ocrx_word' id='word_1_337' title='bbox 418 2584 672 2615; x_wconf 86' lang='lat' dir='ltr'>convenienciam</span> <span class='ocrx_word' id='word_1_338' title='bbox 705 2584 883 2626; x_wconf 86' lang='lat' dir='ltr'>specificam</span> <span class='ocrx_word' id='word_1_339' title='bbox 911 2586 978 2627; x_wconf 72' lang='lat' dir='ltr'>(sie)</span> <span class='ocrx_word' id='word_1_340' title='bbox 1004 2587 1053 2624; x_wconf 91' lang='lat' dir='ltr'>A;</span> <span class='ocrx_word' id='word_1_341' title='bbox 1087 2588 1216 2627; x_wconf 87' lang='lat' dir='ltr'>propter</span> <span class='ocrx_word' id='word_1_342' title='bbox 1247 2596 1302 2628; x_wconf 91' lang='lat' dir='ltr'>pm</span> <span class='ocrx_word' id='word_1_343' title='bbox 1335 2585 1506 2629; x_wconf 85' lang='lat' dir='ltr'>(propriam</span> <span class='ocrx_word' id='word_1_344' title='bbox 1537 2598 1578 2618; x_wconf 77' lang='lat' dir='ltr'>an</span> <span class='ocrx_word' id='word_1_345' title='bbox 1605 2588 1740 2630; x_wconf 85' lang='lat' dir='ltr'>primam</span> <span class='ocrx_word' id='word_1_346' title='bbox 1751 2589 1775 2631; x_wconf 68' lang='lat' dir='ltr'>P)</span> 
     </span>
     <span class='ocr_line' id='line_1_42' title="bbox 160 2627 471 2658; baseline 0.003 -1"><span class='ocrx_word' id='word_1_347' title='bbox 160 2627 414 2658; x_wconf 84' lang='lat' dir='ltr'>convenienciam</span> <span class='ocrx_word' id='word_1_348' title='bbox 433 2627 471 2658; x_wconf 89' lang='grc' dir='ltr'>Ο.</span> 
     </span>
    </p>
   </div>
  </div>
 </body>
</html>
