2028 3346
140 205 222 246 156
753 223 971 251 JOHANNIS
1002 224 1171 253 wrcmr
1592 226 1674 259 [cn.
1694 226 1748 251 1x.

421 339 589 377 humana
617 340 779 378 accidit¹
807 341 990 379 filiacioni
1017 343 1158 391 divine,
1182 343 1281 382 sicut
1309 344 1556 392 singularitas
1582 343 1748 381 hominis

421 408 560 445 accidit
603 410 892 457 personalitati²
928 411 1070 450 divine.
1145 413 1196 450 Et
1238 413 1290 451 sic
1327 413 1465 451 filiacio
1502 414 1670 450 humana
1705 413 1747 450 in

421 476 571 514 Christo
619 477 870 527 simpliciter³
906 493 981 517 non
1022 483 1080 518 est
1123 481 1293 530 filiacio;
1340 496 1439 528 cum,
1487 482 1747 531 multiplicata

419 546 607 584 filiacione
628 560 701 596 que
722 550 779 585 est
806 548 907 586 racio
927 549 1010 595 filii,
1033 550 1385 599 multiplicarentur
1408 554 1446 588 et
1473 550 1545 587 filii
1558 564 1567 597 3
1598 550 1662 587 sed
1690 552 1748 587 est

421 615 597 662 genitura
614 617 847 664 temporalis.
903 618 1003 655 Aliis
1022 622 1149 656 autem
1175 618 1180 670 Ι
1204 620 1291 668 plus
1305 620 1318 640 ⁴
1336 620 1473 668 placet,
1497 632 1583 656 011111
1606 619 1746 667 quibus
1765 618 1803 662 [0
1815 620 1892 662 858]

138 684 235 710 Christ
246 684 404 710 hasatwo-
421 686 459 720 et
490 684 617 730 michi,
652 686 753 734 quod
783 689 840 723 est
871 687 960 724 dare
993 687 1034 724 in
1067 687 1243 725 Christo⁵
1273 688 1465 737 duplicem
1501 687 1742 733 filiacionem,

137 718 196 743 sold
226 718 347 745 nativitv
387 726 403 743 a

136 751 254 777 twofold
274 738 403 783 fflia‘ti'fflh
421 752 520 790 sicut
541 756 581 790 et
599 754 789 802 duplicem
809 755 1063 800 nativitatem,
1085 769 1161 793 non
1181 759 1309 794 autem
1328 757 1520 806 duplicem
1539 756 1746 805 personali-

138 785 194 809 and
229 792 246 809 a
287 785 400 811 twofold

138 825 259 845 essenee.
419 825 549 868 tatem,
573 822 681 859 cuius
704 825 805 860 racio
831 826 888 861 est
917 824 1032 871 nasci,
1056 825 1155 862 sicut
1185 828 1223 863 et
1253 826 1348 863 mori
1378 825 1561 875 competit
1587 838 1744 874 persone

419 891 432 911 ⁶
446 891 588 928 Christi
606 892 756 929 racione
774 893 1027 931 humanitatis
1047 897 1085 931 et
1103 907 1180 931 non
1198 908 1267 943 per
1285 908 1323 932 se
1338 897 1350 916 ⁶
1369 895 1489 944 primo
1515 894 1574 931 illi
1593 896 1742 931 nature.

418 961 546 1008 ⁷Ergo
578 974 647 1010 per
682 961 783 999 idem
815 963 879 999 vel
911 963 1131 1001 evidencius
1162 964 1301 1001 filiacio
1334 964 1517 1013 competit
1547 963 1743 1012 supposito
1766 961 1812 997 10

416 1029 540 1078 primo
571 1030 721 1068 racione
752 1027 902 1077 nature,
934 1034 973 1069 et
1001 1045 1078 1069 non
1109 1033 1231 1081 primo
1263 1033 1323 1070 1111
1353 1034 1519 1070 nature.⁷
1592 1032 1643 1070 Et
1673 1033 1744 1070 hoc

419 1098 658 1136 sentenciant
683 1100 864 1146 moderni,
888 1101 956 1150 qui
980 1101 1125 1148 dicunt,
1150 1102 1252 1151 quod
1278 1105 1416 1139 natura
1444 1103 1640 1150 assumpta
1667 1114 1744 1139 non

419 1170 477 1204 est
501 1168 616 1214 filius,
640 1169 705 1206 sed
723 1183 791 1218 per
809 1169 891 1207 eius
911 1170 1167 1208 dimissionem
1182 1173 1194 1192 ⁸
1220 1171 1343 1208 Maria
1360 1171 1511 1220 potuit⁹
1531 1171 1625 1208 duos
1644 1171 1744 1208 filios

417 1237 594 1274 habuisse
623 1237 703 1275 sine
731 1241 820 1276 actu
849 1239 1076 1287 gignicionis
1094 1240 1251 1289 duplici,
1274 1241 1337 1278 vel
1357 1240 1436 1277 sine
1455 1241 1526 1277 hoc
1545 1241 1647 1290 quod
1675 1240 1744 1277 illa

417 1311 555 1343 natura
583 1307 660 1344 fuit
691 1308 796 1345 filius
826 1308 947 1346 Marie
983 1322 1050 1358 pro
1082 1309 1243 1347 instanti
1272 1309 1401 1358 aliquo
1430 1309 1509 1346 vite
1541 1322 1619 1355 sue,
1655 1322 1742 1346 cum
1764 1318 1809 1353 15

419 1388 536 1412 senex
554 1375 742 1425 inciperet
760 1390 839 1414 esse
858 1377 962 1415 filius
980 1378 1155 1424 hominis,
1178 1379 1331 1428 quando
1353 1378 1538 1427 inciperet
1556 1377 1713 1415 dimitti.

472 1444 581 1481 Licet
605 1447 735 1483 autem
757 1446 851 1484 talia
875 1447 1037 1484 ludicria
1065 1447 1142 1484 sint
1159 1447 1420 1497 impossibilia,
1442 1449 1570 1484 tamen
1589 1447 1744 1484 videtur

418 1514 614 1563 probabile
648 1516 750 1564 quod
788 1516 962 1553 Christus
997 1516 1146 1554 racione
1183 1516 1433 1553 humanitatis
1469 1516 1609 1553 habeat
1644 1515 1743 1553 filia-

419 1582 566 1620 cionem
590 1584 809 1631 humanam,
832 1584 931 1622 sicut
954 1584 1103 1622 racione
1126 1584 1295 1622 eiusdem
1313 1588 1450 1622 nature
1469 1585 1587 1622 habet
1604 1584 1744 1622 nativi-

138 1661 303 1687 Discussion
313 1662 403 1687 ofthe
419 1655 539 1689 tatem
553 1653 578 1673 ¹⁰
605 1654 875 1702 temporalem;
904 1654 1099 1702 potissime
1125 1668 1212 1691 cum
1234 1654 1374 1691 filiacio
1401 1654 1450 1691 sit
1474 1654 1588 1691 realis
1606 1654 1744 1691 relacio
1762 1659 1811 1694 20

132 1695 404 1760 ffg3agggssg,chr1st
419 1734 576 1770 persone
592 1722 617 1742 ¹¹
642 1721 683 1758 in
712 1735 847 1769 genere
875 1722 974 1759 sicut
1001 1722 1076 1760 alia
1103 1723 1315 1760 accidencia
1345 1723 1495 1760 Christo
1521 1723 1746 1760 humanitus

140 1761 179 1794 (b)
193 1762 325 1789 humana.
421 1790 636 1838 dependent
669 1804 691 1827 a
719 1794 875 1839 parente
903 1792 1126 1840 temporali:
1157 1805 1232 1829 non
1261 1792 1314 1830 sic
1341 1795 1470 1830 autem
1496 1792 1746 1842 personalitas

139 1861 282 1928 {ffisssssnf
301 1876 328 1888 =
348 1869 404 1894 per
422 1859 606 1905 absoluta,
638 1872 725 1896 cum
746 1873 906 1908 persona
931 1860 1074 1898 dicitur
1101 1861 1368 1909 ethimologice
1389 1875 1462 1910 per
1489 1875 1523 1898 se
1550 1874 1649 1899 una:
1677 1861 1746 1898 illa

422 1941 509 1975 ergo
546 1941 623 1965 non
654 1929 843 1978 dependet
873 1930 1034 1967 relative
1066 1931 1112 1967 ab
1141 1933 1323 1977 extremo,
1354 1944 1424 1968 nec
1452 1931 1498 1968 ab
1528 1934 1616 1968 actu
1647 1933 1744 1968 tem-

420 1997 553 2046 porali,
588 2000 635 2035 ut
670 1998 864 2045 nativitas,
900 1999 1110 2048 concepcio,
1151 1999 1231 2037 sive
1277 2000 1454 2048 gignicio.
1527 2000 1638 2037 Unde
1682 1999 1746 2037 vel
1762 2007 1811 2041 25

423 2069 571 2115 oportet
602 2066 678 2103 dici
691 2067 716 2086 ¹²
746 2067 848 2116 quod
872 2067 1011 2104 filiacio
1039 2070 1169 2105 eterna
1205 2069 1490 2106 accidentaliter
1521 2069 1572 2106 sit
1606 2069 1745 2106 filiacio

421 2135 598 2182 hominis,
638 2136 702 2173 vel
739 2136 841 2185 quod
876 2136 1016 2173 filiacio
1052 2137 1217 2174 hominis
1252 2151 1329 2174 non
1366 2138 1418 2175 sit
1454 2138 1604 2175 filiacio.
1680 2138 1745 2175 Se-

422 2205 590 2241 cundum
631 2218 709 2241 non
748 2207 806 2242 est
849 2205 1016 2243 dandum
1054 2219 1140 2243 cum
1177 2206 1249 2244 iste
1281 2207 1468 2244 terminus
1499 2207 1654 2244 hominis
1683 2207 1747 2245 vel

420 2273 599 2310 humanus
643 2287 719 2310 non
763 2273 954 2312 distrahit.
1027 2274 1199 2312 Primum
1236 2278 1365 2313 autem
1403 2289 1452 2313 ex
1488 2277 1557 2313 hoc
1593 2276 1748 2313 videtur

422 2342 581 2379 deficere
611 2343 712 2391 quod
743 2342 882 2380 filiacio
913 2346 1043 2380 eterna
1069 2357 1146 2381 non
1171 2347 1297 2393 potest
1324 2344 1408 2381 fieri
1435 2344 1573 2382 filiacio
1600 2347 1745 2394 tempo·
1765 2354 1812 2389 30

420 2411 524 2448 ralis.
582 2411 756 2448 Christus
776 2425 863 2460 ergo
882 2412 999 2450 habet
1017 2412 1058 2450 in
1078 2426 1116 2450 se
1135 2416 1194 2450 tot
1212 2413 1419 2451 filiaciones
1439 2417 1532 2463 quot
1555 2416 1743 2462 parentes,

421 2481 520 2518 sicut
547 2481 685 2518 Petrus
711 2480 753 2517 in
785 2494 824 2518 se
856 2484 913 2519 tot
945 2481 1209 2530 proporciones
1241 2482 1376 2531 duplas
1406 2485 1445 2520 et
1477 2482 1747 2520 similitudines

200 2597 212 2616 1
236 2597 358 2629 accidat
372 2598 401 2629 A
413 2598 438 2629 B
452 2599 489 2631 O.
734 2599 747 2619 ²
769 2600 928 2642 personali
944 2600 982 2631 Ο.
1213 2600 1226 2620 ³
1249 2600 1432 2642 simpliciter
1447 2612 1504 2632 om.
1521 2601 1550 2631 A
1562 2600 1587 2631 B
1602 2600 1638 2632 C.

200 2640 213 2659 ⁴
236 2640 306 2682 plus
322 2652 380 2673 om.
399 2643 426 2673 A
441 2642 466 2673 B
482 2642 517 2674 C.
735 2643 747 2662 ⁶
770 2643 804 2674 in
821 2643 947 2674 Christo
968 2654 1025 2674 om.
1043 2643 1082 2674 B.
1213 2643 1262 2666 ⁶-5
1287 2643 1404 2674 Christi
1425 2669 1432 2676 .
1455 2667 1462 2674 .
1483 2669 1489 2675 .
1507 2653 1563 2685 per
1584 2653 1615 2674 se
1630 2654 1686 2675 om.
1706 2643 1744 2675 Ο.

199 2682 246 2706 ⁷-7
272 2694 345 2726 ergo
364 2709 370 2715 .
391 2709 398 2715 .
419 2710 426 2716 .
445 2688 557 2716 nature
573 2697 629 2719 om.
649 2686 679 2718 A
692 2686 718 2717 B
733 2686 767 2718 C.
1211 2686 1224 2706 Β
1246 2686 1457 2717 dimissionem
1475 2686 1511 2718 Ο.

201 2727 214 2745 ⁹
236 2728 340 2768 potuit
355 2739 412 2758 om.
433 2728 468 2759 C.
730 2729 756 2749 1⁰
779 2729 968 2761 filiacionem
988 2730 1017 2760 A
1029 2729 1066 2761 C.
1199 2729 1224 2749 ¹¹
1247 2731 1278 2770 P
1294 2740 1325 2761 se
1344 2730 1405 2772 (asse,
1422 2740 1478 2772 per
1493 2729 1536 2771 50)
1557 2729 1594 2762 Ο.

187 2768 214 2789 ¹²
237 2773 394 2812 oporteret
407 2770 508 2803 dicere
526 2771 562 2804 Ο.
