2028 3346
185 217 269 259 206

184 563 223 594 (b)
293 563 453 593 Mox-cover,

188 596 293 626 Christ,
330 596 368 628 by
405 596 454 620 the

187 630 342 655 multitude
362 628 393 655 of
409 629 454 654 his

186 663 369 694 humanitffs,

186 697 282 722 would
342 697 384 729 (as
437 703 454 721 a

186 730 327 762 creature)
353 731 387 755 be
410 729 454 754 in-

188 765 298 797 finitely
311 764 385 796 good
399 771 406 796 ;

249 1055 324 1081 John
337 1054 397 1080 xiv.
411 1054 452 1080 28.

245 1257 256 1282 1
272 1256 335 1283 Cor.
349 1263 399 1282 xv.
412 1256 455 1282 47.

196 2510 289 2535 which
310 2510 335 2535 is
355 2516 393 2547 an¹
409 2509 463 2534 im-

196 2545 279 2576 pious
296 2547 444 2569 assertion.

796 233 1016 260 JOHANNIS
1046 233 1215 261 WYCLIF
1625 223 1720 264 [CAP.
1740 231 1811 259 XII.

474 352 694 399 penetraret
706 351 986 400 progrediendo
1006 351 1149 389 multas
1165 351 1366 389 continuas
1384 351 1665 389 humanitates¹
1686 350 1812 400 quies-

474 424 603 457 centes
635 420 856 466 ²continue,
892 420 995 458 idem
1028 420 1204 458 Christus
1238 421 1354 458 simul
1384 424 1423 459 et
1456 421 1573 459 semel
1603 421 1813 458 secundum

472 489 574 526 idem
594 489 840 539 quiesceret,2
860 492 899 527 et
918 492 1026 527 motu
1046 489 1236 527 contrario
1264 493 1493 528 moveretur.

527 558 715 596 Similiter
758 559 872 596 iuxta
908 559 1009 596 illud
1046 559 1223 609 sequitur
1260 560 1364 609 quod
1401 559 1578 597 Christus
1614 558 1813 596 infinitum

471 629 615 665 bonum
643 628 786 665 animal
813 631 940 678 potest
969 641 1061 675 esse,
1086 628 1177 678 quia
1207 642 1387 666 mensura
1415 628 1601 666 bonitatis
1627 628 1685 665 rei
1712 641 1811 665 com·
1832 634 1853 668 5

471 699 594 747 posite
633 698 784 747 capitur
821 712 843 735 a
879 698 1083 748 principiis
1119 698 1341 736 intrinsecis
1374 712 1462 736 cum
1494 698 1813 747 disposicionibus

470 767 696 805 formalibus
732 767 773 804 in
819 768 964 806 eadem.
1035 769 1098 805 Ex
1145 781 1220 817 quo
1268 768 1445 818 sequitur
1491 768 1595 817 quod
1637 767 1813 805 Christus

469 837 621 874 racione
649 837 914 874 multitudinis
942 837 1234 875 humanitatum
1256 837 1358 875 foret
1376 837 1511 874 melior
1529 838 1641 874 homo
1666 837 1671 888 Ι
1697 851 1812 887 quam
1833 840 1874 883 [B
1887 840 1986 883 153a]

471 905 504 942 si
534 906 657 942 solum
687 919 803 943 unam
836 909 1060 944 assumeret.
1135 906 1251 943 Patet
1293 906 1580 956 consequencia,
1618 906 1813 956 supposito

470 974 594 1023 primo
627 976 731 1024 quod
761 975 938 1013 Christus
976 976 1027 1013 sit
1064 978 1219 1013 tantum
1252 975 1362 1013 finite
1395 977 1519 1013 bonus
1556 976 1670 1013 iuxta
1706 976 1814 1013 illam
1836 974 1881 1009 10

471 1057 604 1081 vocem
640 1044 839 1091 Veritatis,
876 1045 1018 1083 ‘Pater
1053 1045 1175 1082 maior
1211 1058 1272 1082 me
1310 1045 1395 1092 est,'
1435 1045 1522 1082 Ioh.
1565 1046 1643 1082 14.³
1712 1045 1814 1083 Ymo

473 1114 503 1151 si
536 1113 638 1151 foret
673 1113 874 1151 infinitum
911 1115 1034 1151 bonus
1071 1115 1184 1151 homo
1217 1114 1369 1152 racione
1407 1114 1575 1161 deitatis,
1610 1114 1711 1152 foret
1746 1127 1815 1164 per

472 1184 576 1221 idem
607 1183 805 1221 infinitum
836 1183 1033 1233 antiquus,
1069 1186 1109 1221 et
1139 1197 1208 1233 per
1241 1197 1477 1234 consequens
1506 1183 1654 1233 primus
1685 1184 1811 1231 homo,

475 1265 710 1302 consequens
743 1254 876 1289 contra
908 1253 1141 1302 Apostolum
1172 1252 1297 1302 prima
1327 1253 1375 1290 ad
1407 1253 1490 1290 Cor.
1529 1256 1589 1290 15.
1625 1253 1810 1302 ‘primus‚

473 1322 615 1372 inquit,
646 1323 759 1359 homo
787 1322 834 1359 de
866 1324 970 1359 terra
998 1324 1188 1368 terrenus,
1221 1324 1260 1359 et
1292 1322 1481 1359 secundus
1512 1323 1624 1359 homo
1653 1323 1700 1360 de
1733 1324 1813 1360 celo
1836 1317 1881 1352 15

475 1392 652 1431 celestis!
709 1392 762 1429 Et
797 1392 854 1429 ita
891 1394 1042 1441 oportet
1077 1391 1247 1428 limitare
1284 1391 1326 1428 in
1364 1391 1516 1429 Christo
1556 1392 1682 1429 omnia
1711 1392 1814 1430 alia4

475 1461 702 1508 accidencia,
737 1474 811 1511 que
843 1461 962 1498 habet
996 1460 1237 1507 humanitus,
1272 1461 1325 1498 sic
1363 1461 1466 1510 quod
1502 1474 1580 1498 non
1616 1461 1816 1499 infinitum

473 1533 619 1569 bonum
637 1544 773 1580 corpus
790 1530 855 1568 vel
878 1530 1046 1567 animam
1070 1530 1189 1567 habet
1218 1529 1394 1567 Christus
1408 1544 1417 1576 3
1447 1532 1487 1567 et
1513 1543 1583 1579 per
1609 1529 1712 1567 idem
1738 1544 1817 1568 non

473 1601 674 1638 infinitum
703 1613 868 1648 magnus
906 1612 1025 1637 senex
1062 1599 1125 1636 vel
1158 1599 1344 1649 antiquus
1380 1600 1492 1636 homo
1528 1601 1587 1637 est
1624 1600 1813 1648 Christus,

474 1684 545 1708 nec
572 1670 771 1707 infinitum
798 1672 934 1718 potens
962 1682 1005 1706 ac
1032 1669 1228 1707 virtuosus
1255 1669 1319 1706 vel
1347 1669 1469 1706 sciens
1495 1669 1620 1716 homo,
1643 1670 1736 1719 quia
1765 1669 1817 1708 sic
1835 1667 1884 1702 20

476 1740 681 1778 excederet
698 1738 843 1776 limites
869 1738 1011 1788 speciei
1036 1738 1157 1776 eciam
1186 1739 1398 1776 secundum
1425 1738 1619 1776 hominem
1647 1739 1817 1789 assump-

475 1812 586 1858 tum3
617 1811 655 1846 et
673 1822 743 1858 per
762 1821 998 1858 consequens
1022 1821 1100 1845 non
1127 1808 1349 1845 conveniret
1373 1808 1573 1845 nobiscum
1597 1808 1640 1845 in
1666 1809 1815 1858 specie;

477 1892 552 1929 que
590 1878 860 1916 contradicunt
898 1877 1140 1927 supradictis.
1217 1877 1301 1919 Quo
1336 1877 1533 1927 supposito
1570 1880 1679 1927 patet
1716 1879 1819 1928 quod

479 1948 656 1987 Christus
694 1947 865 1985 existens
890 1948 894 1995 1
918 1948 1042 1984 bonus
1077 1948 1191 1984 homo
1229 1947 1382 1984 racione
1413 1947 1530 1984 unius
1562 1948 1819 1986 humanitatis
1837 1944 1875 1987 [0
1889 1943 1992 1987 1011Ὶ]

477 2018 578 2055 foret
602 2017 738 2054 melior
765 2017 877 2054 homo
905 2016 1058 2054 racione
1089 2016 1250 2054 alterius
1274 2016 1531 2054 humanitatis
1561 2017 1817 2055 incommuni-
1837 2018 1885 2052 25

478 2086 602 2124 cantis
657 2088 924 2134 coassumpte3
962 2085 1059 2123 “cum
1112 2085 1328 2123 bonitatem
1378 2099 1558 2134 magnam
1603 2087 1820 2137 acquireret

477 2156 629 2193 nullam
674 2155 831 2192 aliunde
879 2155 1102 2205 deperdens.
1176 2155 1258 2192 Nec
1297 2158 1472 2205 superest
1508 2156 1550 2193 in
1587 2170 1663 2206 quo
1705 2158 1709 2205 Ι
1752 2163 1993 2207 per[A1010]

478 2225 762 2262 humanitatem
793 2224 1086 2262 melioraretur⁵
1116 2225 1192 2262 nisi
1228 2225 1270 2262 in
1307 2238 1387 2262 esse
1418 2225 1599 2264 hominis.
1666 2226 1719 2264 Et
1751 2240 1820 2276 per

478 2295 582 2332 idem
600 2294 701 2332 foret
724 2294 767 2331 in
792 2295 910 2344 duplo
933 2295 1069 2332 melior
1093 2295 1206 2332 homo
1231 2308 1301 2344 per
1326 2295 1629 2345 assumpcionem
1657 2296 1821 2334 duarum

479 2365 769 2402 humanitatum
799 2378 916 2414 quam
951 2378 1021 2414 per
1050 2364 1355 2414 assumpcionem
1387 2365 1503 2402 unius
1531 2367 1535 2414 Ι
1562 2366 1818 2415 solummodo;
1840 2370 1992 2414 [0233a]

481 2436 520 2472 et
551 2434 603 2472 sic
626 2434 672 2472 de
703 2434 790 2471 aliis
819 2434 1198 2472 denominacionibus
1226 2434 1555 2472 accidentalibus⁶
1587 2448 1820 2485 consequen-

480 2504 586 2542 tibus
623 2504 672 2541 ad
709 2504 870 2541 easdem.
944 2504 1008 2540 Ex
1046 2517 1122 2553 quo
1159 2504 1315 2541 videtur
1350 2504 1473 2553 primo
1511 2505 1613 2554 quod
1649 2505 1822 2544 infinitas

479 2572 742 2610 humanitates
779 2573 1005 2610 assumendo
1042 2574 1143 2611 foret
1180 2586 1276 2622 eque
1313 2574 1437 2611 bonus
1473 2575 1585 2612 homo
1618 2577 1664 2613 ut
1699 2576 1818 2623 Deus,

480 2643 545 2680 vel
592 2655 714 2679 unum
757 2641 956 2680 infinitum
1000 2642 1101 2681 foret
1145 2642 1295 2693 reliquo
1340 2643 1476 2682 maius.
1550 2644 1717 2683 Videtur
1762 2645 1821 2683 2‘10

257 2754 268 2773 ¹
292 2753 507 2786 humanitates
523 2765 580 2786 om.
601 2754 639 2786 Ο.
816 2753 865 2776 ²—2
888 2754 1038 2787 continue
1056 2779 1063 2786 .
1085 2779 1092 2787 .
1115 2780 1122 2787 .
1141 2733 1317 2798 quiesceret
1333 2767 1390 2787 om.
1412 2756 1449 2788 Ο.
1629 2757 1641 2778 ³
1666 2760 1705 2789 10
1723 2757 1760 2790 O.

255 2798 268 2818 ‘²
291 2797 347 2829 illa
362 2799 402 2829 A.

702 2797 715 2818 ⁵
738 2797 925 2829 melioratur
942 2797 980 2830 Ο.
1281 2799 1293 2819 6
1317 2799 1566 2832 accidentalibus
1582 2811 1640 2832 om.
1656 2803 1686 2832 A
1698 2801 1725 2832 B
1738 2801 1775 2834 O.
