2028 3346
217 241 284 268 οη.
304 242 385 275 vir]
669 245 725 271 DE
757 244 1003 271 BENEDICTA
1033 241 1371 270 INCARNACIONE.
1740 227 1818 268 121

46 366 197 409 [13138a]
216 362 343 408 posset
387 361 517 409 apcius
576 362 702 410 quoad
749 360 930 398 auditorii
978 359 1295 404 intelleccionem,
1324 358 1329 409 l
1354 357 1540 406 copiosius
1558 369 1586 393 in
1603 369 1687 414 using
1704 369 1823 427 apia?-

218 428 342 476 quoad
368 429 669 477 philosophicam
699 429 1053 474 consideracionem,
1077 432 1143 465 aut
1171 427 1387 477 expressius
1417 428 1540 476 quoad
1558 410 1685 493 ξιῖξῗῗέἕι
1698 410 1823 494 ξῗῂῗμρἶ

217 497 307 533 fidei
335 499 658 546 explanacionem,
687 498 967 535 humanitatem
996 497 1139 534 Christi
1167 496 1391 545 exprimere.
1449 496 1541 532 Ideo
1559 476 1694 501 mamyo
1761 473 1822 494 rm*

218 568 393 613 respectu
409 566 419 585 ¹
448 567 638 604 sentencie
662 567 850 616 Apostoli,
875 567 942 616 qui
969 566 1046 603 fuit
1074 565 1393 615 prudentissimus
1418 564 1543 613 predi-

177 636 198 669 5
219 638 333 679 cator,
368 637 406 671 et
432 635 645 683 Augustini
678 636 737 672 sui
769 635 959 683 discipuli,
997 634 1064 683 qui
1095 634 1174 671 fuit
1213 634 1399 682 scripture
1442 646 1543 669 sacre

220 703 491 740 subtilissimus
528 704 764 752 explanator,
801 706 950 752 oportet
985 716 1053 740 nos
1089 703 1240 750 ignaros
1277 703 1373 739 colla
1405 701 1544 738 mentis

219 772 456 809 submittere.

272 839 468 881 Quantum
497 841 544 877 ad
570 841 732 890 primam
760 840 878 878 trium
904 840 1238 877 confirmacionum
1257 841 1270 860 2
1307 841 1415 888 patet
1444 838 1545 887 quod
1563 842 1704 900 ggiignti’
1715 841 1827 907 &fuff-

47 910 85 951 [0
99 908 198 951 2260]
219 908 428 945 similitudo
454 908 458 959 Ι
483 922 559 946 non
586 912 643 946 est
672 909 905 956 sufficiens3;
936 923 1021 946 cum
1050 908 1268 945 humanitas
1298 907 1441 945 Christi
1468 920 1544 943 non
1563 909 1581 934 1.
1599 908 1658 940 16);
1821 893 1827 905 ’

154 972 199 1005 10
219 977 340 1013 solum
380 977 429 1014 sit
470 980 514 1014 ut
554 978 828 1015 vestimentum
867 978 1005 1023 Verbo,
1048 977 1111 1014 vel
1151 977 1275 1025 ‘¹ignis
1313 976 1442 1022 ferrost
1481 977 1545 1013 sed

217 1058 308 1082 vera
339 1046 481 1083 Christi
514 1046 693 1095 quiditas,
724 1047 825 1083 idem
852 1046 1104 1094 personaliter
1132 1059 1218 1082 cum
1246 1045 1428 1082 subiecto.
1482 1045 1545 1081 Ad

219 1118 291 1151 23ηἱ
321 1118 486 1162 negatur
518 1116 793 1165 consequencia
830 1115 931 1164 quod
972 1115 1105 1160 mocio,
1144 1115 1280 1163 passio,
1323 1117 1361 1151 et
1407 1114 1545 1150 similia
1563 1115 1827 1182 {gffssfirffffgiffffi

217 1184 393 1232 positiva,
417 1196 504 1220 cum
532 1184 610 1221 sint
636 1184 831 1232 predicata
855 1183 1081 1232 personalia,
1105 1185 1219 1220 sunt5
1249 1196 1407 1232 persone
1427 1182 1546 1219 Verbi
1670 1169 1676 1181 ⁵
1778 1167 1785 1181 ⁷

218 1253 231 1273 ⁶
247 1252 396 1289 racione
423 1252 545 1288 forme
573 1255 764 1301 assumpte
781 1253 793 1272 ⁶
823 1252 1085 1300 principaliter
1113 1252 1329 1289 tribuenda.
1386 1251 1473 1288 Non
1494 1251 1546 1288 sic

154 1316 199 1350 15
219 1323 348 1357 autem
367 1320 603 1367 negaciones,
627 1334 701 1370 que
729 1334 806 1357 non
834 1323 924 1357 sunt
950 1320 1144 1368 predicata
1171 1320 1395 1369 personalia.
1453 1320 1545 1357 Ideo

69 1391 199 1433 [A90d]
219 1389 302 1425 dixi
339 1389 513 1438 superius
537 1388 543 1440 Ι
568 1390 670 1438 quod
705 1389 875 1437 incepcio
913 1402 988 1426 non
1025 1392 1083 1426 est
1120 1402 1199 1426 esse
1238 1392 1277 1426 et
1317 1389 1424 1438 prius
1469 1403 1545 1426 non
1564 1398 1721 1457 gsseferenoe
1746 1399 1775 1423 to
1800 1405 1828 1428 p-

217 1457 348 1503 fuisse,
385 1457 447 1494 sed
481 1461 660 1494 causatur
688 1470 738 1494 ex
770 1457 871 1502 illis;
903 1471 989 1494 cum
1020 1459 1096 1494 stat
1125 1457 1193 1494 illa
1226 1470 1305 1494 esse
1343 1460 1474 1494 eterna
1508 1461 1546 1495 et
1601 1431 1620 1464 ']

218 1525 477 1574 incepcionem
506 1526 629 1562 solum
656 1526 949 1571 instantaneam,
973 1528 1012 1562 et
1029 1525 1175 1562 faciens
1194 1526 1452 1574 incepcionem
1471 1539 1548 1563 non

219 1597 346 1642 potest
372 1595 495 1631 facere
522 1594 663 1631 dictam
682 1594 941 1642 negacionem.
998 1595 1091 1631 Ideo
1110 1607 1184 1630 non
1207 1597 1368 1643 oportet,
1392 1595 1423 1631 si
1442 1595 1548 1631 Deus

152 1662 201 1696 20
219 1663 482 1711 temporaliter
510 1666 726 1710 generatur,
759 1664 859 1712 quod
887 1663 1002 1699 ante⁷
1021 1676 1097 1699 non
1124 1663 1227 1708 fuit3
1257 1676 1343 1700 cum
1373 1663 1463 1700 satis
1491 1667 1549 1701 est

221 1733 323 1781 quod
343 1732 392 1768 sit
410 1731 510 1768 illud
530 1744 578 1768 ex
597 1732 637 1769 vi
664 1731 932 1779 generacionis,
956 1731 1057 1779 quod
1084 1744 1162 1767 non
1189 1731 1445 1768 effectualiter
1471 1732 1549 1769 fuit

220 1804 321 1838 ante.
377 1801 439 1837 Ad
459 1804 527 1837 ΒΨ
545 1804 654 1849 patet
673 1801 773 1850 quod
792 1814 868 1836 non
888 1802 1039 1848 oportet
1057 1800 1098 1836 in
1117 1803 1197 1837 toto
1222 1813 1301 1837 esse
1330 1813 1547 1849 correspon-
1567 1809 1597 1873 ἕο
1608 1806 1803 1873 0ἳῖξίτῖηὲΞῖου
1817 1808 1832 1833 3

220 1870 392 1907 denciam
411 1869 568 1917 figurati
587 1869 793 1906 cuiuslibet
812 1870 859 1906 ad
878 1869 1053 1916 figuram.
1110 1869 1221 1905 Unde
1246 1869 1336 1906 satis
1363 1872 1419 1906 est
1447 1871 1548 1919 quod
1582 1849 1608 1873 β’
1673 1860 1681 1873 ’
1706 1860 1711 1865 ’
1775 1860 1781 1866 ’

221 1939 415 1975 Abraham
433 1939 575 1975 ducens
593 1938 717 1974 filium
738 1938 929 1985 significet
947 1937 1073 1974 Deum
1092 1937 1257 1984 Patrem,
1282 1938 1349 1986 qui
1373 1939 1418 1975 de
1446 1939 1547 1976 facto

154 2018 201 2052 25
221 2007 335 2044 duxit
366 2010 404 2044 et
432 2007 574 2044 obtulit
603 2020 715 2055 super
748 2010 916 2043 montem
951 2006 1122 2043 Calvarie
1151 2006 1276 2042 filium
1316 2020 1427 2044 suum
1463 2007 1548 2044 uni-

223 2078 407 2125 genitum,
431 2076 530 2113 sicut
548 2076 672 2113 Ysaac
692 2076 915 2124 unigenitus
934 2075 1114 2112 imolatus
1127 2077 1139 2096 s
1160 2079 1216 2112 est
1240 2089 1354 2124 super
1381 2080 1550 2114 montem

220 2146 289 2183 ubi
307 2146 495 2194 templum
515 2145 767 2182 constitutum
787 2147 857 2181 est.
915 2145 1003 2192 Ipse
1023 2144 1178 2193 quidem
1197 2144 1275 2181 fuit
1302 2144 1423 2181 forma
1450 2146 1549 2182 risus

221 2215 365 2252 domini
382 2215 503 2252 nostri
523 2215 614 2251 Iesu
634 2214 799 2252 Christi:
832 2217 871 2251 et
890 2214 982 2251 satis
1001 2217 1058 2251 est
1078 2214 1179 2262 quod
1198 2215 1418 2251 humanitas
1446 2215 1548 2252 idem

221 2284 474 2333 personaliter
500 2284 624 2320 Ysaac
651 2287 791 2327 nostro,
824 2283 923 2320 sicut
952 2283 1047 2319 aries
1075 2287 1133 2320 est
1159 2283 1260 2320 idem
1291 2296 1427 2331 genere
1461 2297 1548 2320 cum

156 2356 203 2390 30
222 2353 346 2389 Ysaac
383 2353 604 2400 figurante,⁹
635 2351 686 2388 sic
714 2365 824 2400 passa
857 2355 895 2388 et
925 2351 1045 2388 occisa
1077 2364 1236 2400 persona
1266 2351 1384 2388 Verbi
1413 2365 1547 2388 secun-

223 2422 314 2458 dum
341 2421 523 2457 deitatem
543 2424 582 2457 et
610 2420 773 2457 animam
803 2432 950 2468 semper
978 2420 1105 2464 salva;
1137 2422 1175 2457 et
1205 2420 1257 2456 sic
1281 2421 1327 2457 de
1353 2420 1449 2465 aliis,
1474 2434 1548 2469 que

222 2489 313 2526 huic
340 2489 421 2526 loco
453 2501 530 2525 non
560 2489 729 2537 pertinet
744 2489 769 2508 ¹⁰
800 2488 1003 2536 applicare.
1059 2488 1133 2525 Sed
1161 2491 1309 2525 constat
1336 2502 1548 2537 repugnare

222 2559 344 2606 figure
387 2558 489 2607 quod
526 2558 575 2595 sit
608 2558 648 2594 in
677 2560 759 2595 toto
793 2557 1060 2604 conformitas;
1096 2557 1187 2607 quia
1222 2560 1315 2594 tunc
1353 2557 1550 2594 evidenter

284 2660 290 2678 ¹
314 2659 352 2689 rti
366 2659 405 2690 Ο.
895 2659 907 2678 2
931 2657 1208 2688 confirmacionum
1224 2669 1282 2689 om.
1302 2669 1368 2689 eum
1385 2659 1496 2688 lacuna
1513 2657 1549 2688 C.

281 2702 293 2722 3
317 2701 453 2732 efficiens
471 2701 506 2732 C.
895 2700 944 2722 4—⁴
968 2701 1054 2731 vitus
1070 2701 1119 2731 fio
1137 2702 1175 2732 Ο.
1488 2701 1500 2720 ⁵
1524 2700 1589 2731 sint
1605 2700 1632 2731 A
1646 2699 1670 2730 B
1686 2699 1722 2730 C.

280 2746 292 2765 ὃ
315 2748 474 2786 assumpte
489 2744 614 2775 racione
631 2744 730 2775 forme
746 2744 774 2774 A
786 2743 812 2774 B
828 2743 862 2775 C.
1187 2743 1198 2763 ⁷
1224 2743 1275 2781 aln
1294 2743 1490 2786 (aliquando)
1511 2743 1557 2780 B;
1583 2746 1688 2773 autem
1707 2742 1745 2772 Ο.

281 2789 293 2808 8
317 2797 388 2830 ymo
404 2787 490 2818 locus
507 2786 542 2820 C.
890 2786 902 2806 ⁹
926 2785 1096 2828 fugurante
1114 2786 1152 2817 O.
1449 2786 1473 2806 ¹0
1496 2785 1657 2828 pertinent
1672 2786 1700 2816 A
1712 2785 1738 2816 B
1750 2784 1786 2816 C.
