2028 3346
136 243 190 285 16
749 256 968 285 JOHANNIS
999 257 1168 285 WYCLIF
1617 255 1701 289 [cn.
1720 255 1762 283 11.

476 376 549 414 Pro
583 389 659 426 quo
690 376 903 413 notandum
932 375 1034 424 quod
1062 375 1161 414 sicut
1187 376 1212 414 J
1214 375 1302 413 udei
1329 377 1499 414 multum
1526 374 1762 426 appreciati¹

133 442 298 507 ξζῗῗξῆῗῧ
313 441 345 468 of
423 450 514 483 sunt
549 445 777 495 prophetam
795 445 809 465 ²
854 444 992 490 David,
1034 444 1111 482 sic³
1148 458 1198 482 ex
1236 445 1318 483 eius
1354 448 1469 483 textu
1507 445 1764 494 cognoverant

132 510 335 576 {Jssffffirgj
423 515 526 565 quod
554 514 715 552 Messias
744 515 933 551 venturus
961 527 1012 551 ex
1036 514 1090 551 eis
1117 503 1326 552 foret'tam
1353 515 1461 552 Deus
1490 528 1607 565 quam
1633 514 1760 551 homo.

421 584 507 621 Hoc
527 584 684 621 videtur
704 583 860 621 evidens
880 596 930 620 ex
949 586 1175 631 argumento
1197 584 1407 622 Salvatoris
1434 584 1534 622 facto
1554 582 1758 630 Phariseis,

174 652 260 679 Matt.
273 652 344 678 xxii.
358 653 400 679 41·
420 651 477 689 M?
496 655 559 690 22.
581 652 649 689 ubi
679 651 732 689 sic
760 652 1001 700 congregatis
1030 652 1222 690 Phariseis
1247 653 1460 701 interrogat
1487 653 1533 690 ab
1554 652 1631 690 eis⁴
1649 652 1673 689 J
1675 664 1762 689 esus
1782 661 1803 695 5

420 721 580 768 dicens‚⁵
611 725 620 742 ‘
638 721 743 763 Quid
769 721 877 758 vobis
905 721 1061 759 videtur
1088 722 1135 759 de
1167 722 1352 760 Christo?
1381 722 1490 760 cuius
1517 722 1622 759 filius
1650 720 1738 759 est‘?

420 791 556 829 dicunt
588 791 634 837 ei,
666 791 871 828 ‘Davidz'
906 792 918 812 ⁶
939 791 995 829 ait
1026 791 1117 838 illis,
1155 795 1164 813 ‘
1187 792 1375 841 quomodo
1410 805 1498 840 ergo
1536 790 1686 828 David⁷
1719 790 1762 827 in

248 863 297 889 Ps.
311 871 357 890 cx.
375 864 398 889 1·
420 859 560 909 spiritu
588 863 700 898 vocat
728 873 817 897 eum
836 859 1035 897 dominum
1054 859 1184 897 dicens
1201 873 1209 897 :
1245 863 1253 879 ‘
1268 859 1371 896 dixit
1390 859 1578 896 Dominus
1597 858 1761 895 Domino

418 941 513 975 me0,
540 932 549 949 ‘
566 929 653 966 sede
685 942 708 966 a
733 929 892 976 dextris,
915 929 1034 967 donec
1061 942 1202 978 ponam
1228 928 1404 965 inimicos
1434 930 1522 965 tuos
1553 928 1762 965 scabellum

416 999 561 1048 pedum
580 998 763 1036 tuorum.'
796 998 854 1047 Si!
870 1012 959 1047 ergo
974 999 1104 1036 David
1117 1000 1230 1036 vocat
1244 1011 1333 1035 eum
1347 997 1557 1035 Dominum
1574 997 1761 1046 quomodo
1782 1005 1819 1049 [c
1834 1006 1915 1054 4112]

416 1067 523 1104 filius
551 1067 635 1105 eius
664 1067 752 1105 est?
806 1068 860 1105 Et
884 1080 996 1104 nemo
1016 1070 1168 1116 poterat
1191 1067 1227 1104 ei
1245 1066 1474 1116 respondere
1495 1067 1668 1112 verbum,
1691 1078 1761 1102 nec

418 1150 534 1174 ausus
566 1124 624 1175 est
658 1137 865 1187 quisquam
900 1150 950 1174 ex
983 1137 1052 1174 illa
1084 1137 1146 1174 die
1178 1149 1267 1174 eum
1299 1135 1465 1185 amplius
1497 1134 1759 1183 interrogare!

418 1206 507 1244 Non
537 1207 640 1244 enim
675 1207 983 1244 contendebant⁶
1013 1206 1073 1243 illi
1121 1205 1218 1254 legis
1255 1205 1372 1255 periti
1411 1205 1453 1242 in
1486 1203 1762 1254 ampliacione⁸

417 1276 527 1314 verbi
546 1277 592 1313 de
610 1276 781 1325 presenti
802 1275 965 1313 scientes
986 1289 1035 1313 ex
1056 1289 1170 1313 sensu
1191 1274 1379 1324 scripture
1396 1275 1498 1324 quod
1513 1274 1615 1323 apud
1635 1273 1763 1311 Deum

132 1352 400 1420 ἔξέᾆεηίηξιξεηὲἓὲ
420 1348 511 1383 sunt
539 1347 702 1383 cuncta⁹
729 1345 942 1395 presencia.
1012 1345 1108 1382 Ideo
1129 1344 1324 1382 sciverunt
1354 1344 1550 1382 Christum
1569 1343 1633 1380 vel
1660 1342 1761 1379 Mes·
1785 1350 1829 1385 15

131 1420 255 1447 scribes:
420 1416 514 1453 siam
540 1429 619 1453 esse
643 1415 770 1452 filium
792 1414 922 1452 David
947 1428 1016 1464 pro
1044 1415 1211 1464 quodam
1238 1416 1422 1463 tempore.
1468 1413 1673 1451 Sciverunt
1702 1410 1762 1448 259

417 1485 517 1522 illud
530 1484 674 1521 Psalmi
691 1487 761 1521 109
777 1484 878 1533 quod
894 1484 1048 1521 Veritas
1064 1483 1249 1532 allegavit
1263 1483 1410 1521 dictum
1423 1496 1502 1520 esse
1518 1483 1564 1520 de
1578 1482 1757 1530 Christo}
1781 1494 1827 1538 [A
1834 1494 1913 1538 ⁹772]

420 1553 626 1591 Sciverunt
646 1553 692 1590 30
713 1553 815 1603 quod
834 1553 1024 1602 propheta
1046 1554 1127 1590 tam
1156 1552 1322 1589 eximius
1349 1565 1427 1589 non
1454 1554 1609 1589 vocaret
1635 1551 1762 1588 filium

419 1636 533 1660 suum
570 1625 651 1660 tam
688 1635 899 1672 pauperem
938 1624 978 1659 et
1011 1621 1205 1659 abiectum
1237 1621 1448 1658 Dominum
1482 1634 1595 1658 suum
1625 1634 1762 1658 secun-

419 1693 512 1729 dum
540 1694 719 1729 naturam
748 1692 773 1712 1⁰
786 1692 833 1728 ab
862 1704 905 1728 eo
934 1692 1170 1740 assumptam
1200 1690 1265 1728 sed
1294 1690 1504 1727 secundum
1540 1692 1721 1727 naturam
1736 1690 1762 1711 ¹⁰
1781 1699 1830 1734 20

420 1761 667 1811 superiorem.
743 1761 837 1797 Ideo
875 1773 952 1797 non
991 1759 1106 1797 affuit
1147 1759 1202 1797 eis
1240 1760 1304 1797 vel
1344 1760 1469 1797 ullum
1486 1760 1511 1780 Π
1551 1760 1763 1797 coloratum

420 1831 707 1879 subterfugium
736 1830 937 1868 evadendi.
993 1829 1106 1867 Unde
1133 1842 1202 1878 pro
1231 1828 1275 1866 20
1296 1831 1522 1877 argumento
1552 1828 1762 1866 Salvatoris

420 1899 652 1948 supponitur
677 1899 781 1948 quod
805 1899 978 1936 Verbum
1009 1900 1069 1935 ve]
1100 1899 1230 1936 Sermo
1256 1898 1329 1935 Dei
1360 1898 1463 1947 quod
1489 1897 1592 1935 idem
1620 1900 1688 1944 est,
1712 1897 1763 1935 sit

134 1977 215 2002 three
261 1983 359 2003 conse·
420 1971 595 2006 eternum
614 1968 717 2005 idem
737 1968 1046 2005 substancialiter
1065 1967 1146 2004 Deo
1167 1967 1285 2005 Patri.
1342 1967 1457 2004 Patet
1475 1967 1548 2005 hoc
1566 1980 1635 2016 per
1661 1967 1762 2005 illud

134 2018 256 2078 quenlggs
260 2011 366 2079 1103111111
375 2031 399 2079 (5,
420 2036 564 2075 Psalmi
582 2042 629 2075 32
646 2039 671 2058 ¹²
693 2042 701 2058 ⁴
715 2038 842 2075 Verbo
859 2036 1016 2074 Domini
1036 2036 1109 2074 celi
1127 2036 1271 2074 firmati
1291 2036 1407 2073 sunt.'
1452 2034 1511 2073 2d.⁰
1532 2036 1762 2085 supponitur
1780 2040 1828 2075 25

134 2094 404 2161 gianTtffiith‘fsffig
422 2109 524 2158 quod
542 2107 690 2145 dictum
709 2108 871 2144 verbum
889 2106 966 2144 fuit
985 2106 1275 2143 incarnandum.
1331 2106 1447 2143 Patet
1468 2106 1539 2143 hoc
1564 2119 1634 2155 per
1660 2105 1762 2143 illud

135 2162 258 2221 Wonssjs·
277 2194 343 2220 cvii.
359 2195 399 2221 20.
420 2177 564 2215 Psalmi
587 2180 660 2213 106
677 2178 702 2198 ¹³
729 2176 860 2214 ‘misit
878 2177 1038 2213 verbum
1059 2188 1171 2212 suum
1191 2178 1229 2212 et
1257 2175 1408 2212 sanavit
1436 2175 1524 2212 eos.'
1581 2175 1693 2213 Unde
1722 2177 1762 2212 et

421 2247 568 2284 dictum
587 2246 760 2283 Verbum
779 2247 1016 2282 vocaverunt
1034 2245 1220 2294 prophete
1242 2244 1481 2281 concorditer
1499 2243 1683 2281 Messiam
1698 2244 1762 2281 vel

134 2330 160 2355 2.
181 2328 241 2354 The
268 2328 402 2354 Incama-
423 2315 621 2354 Christum
654 2315 708 2352 eis
745 2314 988 2364 promissum.
1047 2312 1091 2350 30
1126 2313 1356 2362 supponitur
1394 2313 1497 2363 quod
1522 2312 1617 2350 dicti
1641 2312 1761 2350 Verbi
1781 2313 1829 2347 30

135 2362 402 2388 tionoftheWord:
513 2385 520 2392 .
550 2385 557 2391 .
636 2384 643 2391 .
664 2376 668 2381 ·
764 2384 770 2390 .
921 2383 928 2389 .
1140 2382 1147 2389 .
1306 2382 1313 2389 .
1446 2383 1453 2389 .
1609 2382 1615 2388 .

137 2396 162 2421 3.
181 2396 239 2421 The
256 2388 719 2455 effitffisiffiparticipacione
743 2386 794 2421 s1t
816 2383 1026 2420 multitudo
1045 2383 1245 2419 hommum
1266 2383 1290 2403 ¹4
1302 2396 1344 2419 1n
1364 2383 1559 2420 Chrlstum
1579 2383 1722 2420 dlrecte
1736 2382 1762 2403 ¹4

135 2433 406 2527 Ξὲξοᾶἕὲἓεῖέἒῑῗὲῗ
424 2454 667 2493 credencium
687 2453 900 2491 deificanda
918 2451 1203 2502 participative,
1226 2452 1326 2489 sicut
1346 2453 1456 2490 carbo
1477 2465 1526 2489 ex
1544 2452 1646 2500 ignis
1673 2465 1761 2501 par-

136 2529 358 2588 earnsstgofixxfi
380 2563 394 2588 6
423 2524 652 2573 ticipacione
673 2526 731 2562 est
757 2523 918 2572 ignitus.
974 2522 1087 2559 Patet
1114 2522 1186 2559 hoc
1213 2535 1281 2571 per
1301 2521 1402 2559 illud
1420 2522 1482 2559 Ps.
1506 2522 1598 2558 81.¹⁵
1655 2521 1761 2569 ‘Ego

424 2594 509 2631 dixi
527 2593 583 2631 dii
606 2592 722 2631 estis.'

195 2687 206 2707 ¹
231 2687 421 2730 appresciati
438 2688 476 2719 O.
538 2687 551 2707 ²
571 2687 772 2729 prophetiam
790 2686 828 2718 Ο.
886 2686 899 2706 3
922 2685 1004 2717 sicut
1028 2685 1058 2716 A
1070 2684 1094 2716 G
1108 2695 1114 2723 ;
1141 2684 1228 2716 sicud
1245 2685 1283 2716 B.
1338 2684 1352 2705 4
1374 2683 1586 2726 interrogavit
1602 2694 1640 2714 ex
1656 2683 1700 2715 eis
1718 2682 1756 2715 Ο.

194 2731 207 2751 ⁵
231 2731 323 2763 ι165116
339 2731 367 2763 d.
388 2733 428 2762 A.
547 2730 594 2755 6-6
618 2730 723 2762 David
738 2734 798 2761 etc.
830 2729 905 2760 Non
921 2729 1005 2760 enim
1022 2728 1255 2762 contendebant
1271 2728 1310 2759 B.
1442 2729 1454 2749 ⁷
1477 2726 1582 2758 David
1599 2738 1654 2758 om.
1673 2729 1713 2758 A.

195 2776 208 2795 8
231 2774 479 2816 amplificacione
497 2774 534 2807 Ο.
713 2775 725 2795 ⁹
749 2773 855 2804 omnia
870 2775 944 2804 sunt
962 2772 998 2802 Β.
1161 2772 1233 2796 10-10
1257 2771 1296 2803 ab
1313 2781 1349 2803 eo
1375 2795 1382 2803 .
1401 2795 1409 2802 .
1427 2794 1434 2802 .
1458 2773 1606 2801 naturam
1623 2780 1679 2801 om.
1698 2769 1736 2801 O.

182 2817 208 2837 ¹¹
233 2817 334 2848 ullum
351 2828 407 2848 om.
427 2817 465 2848 Ο.
895 2816 920 2836 1²
946 2817 985 2846 22
1005 2816 1043 2848 O.
1425 2814 1451 2833 ¹³
1478 2815 1536 2844 108
1553 2812 1671 2845 ABG.

183 2860 255 2884 14³⁴
274 2860 308 2891 in
323 2860 427 2902 ipsum
443 2860 547 2892 debite
566 2860 631 2891 AB
647 2859 683 2892 O.
1303 2858 1327 2878 ²⁵
1354 2859 1391 2889 81
1411 2868 1468 2889 om.
1490 2856 1528 2888 Ο.
