2028 3346
187 247 257 273 οη.
272 247 344 279 HL]
637 249 695 276 DE
728 247 973 276 BENEmcrA
1005 247 1347 275 INCARNACIONE.
1753 232 1807 273 39

185 365 364 414 spiritum
384 365 450 403 ac1
477 365 682 403 affeccione
709 367 789 402 tam
809 365 992 402 sensitiva
1022 378 1136 414 quam
1164 362 1404 401 intellectiva
1433 374 1519 398 con-

184 434 338 481 oordes;
367 436 412 471 ut
437 434 598 483 exponit
617 434 862 481 Augustinus
890 436 929 470 et
960 433 1028 470 alii
1054 434 1257 482 sequentes
1277 430 1520 479 Apostolum.

184 501 259 538 Sed
279 502 451 551 quelibet
470 502 626 538 illarum
645 501 923 550 particularum
943 503 1001 537 est
1020 499 1267 548 impossibilis
1287 499 1333 536 de
1345 498 1385 535 vi
1404 497 1520 552 vocis,

183 582 269 606 cum
303 570 478 607 Christus
510 583 586 606 non
617 582 751 618 passus
784 572 841 606 est
868 571 1030 605 mortem
1058 568 1099 604 in
1132 580 1267 615 cruce3
1307 567 1399 616 quia
1427 570 1520 614 pro²

181 637 343 675 instanti
379 638 511 675 mortis
547 638 723 675 Christus
758 650 836 674 non
874 639 931 674 est
969 636 1156 682 Christus,
1197 649 1268 673 nec
1309 635 1387 672 fuit
1422 635 1522 672 illud

24 710 68 753 [A
83 710 161 752 soa]
182 708 461 743 sacramentum
479 706 520 743 in
541 706 692 743 Christo
713 707 752 742 et
772 704 955 742 ecclesia:
984 718 1071 741 eum
1092 718 1159 752 pro
1179 706 1260 741 toto
1280 704 1424 751 trilduo
1444 716 1522 740 non

179 773 258 810 fuit
287 773 474 819 Christus,
499 774 564 811 sed
592 787 728 822 sponsa
749 773 988 822 exspectavit
1016 785 1138 821 usque
1159 773 1206 809 ad
1225 772 1373 809 instans
1392 785 1520 809 resur-

179 841 362 879 reccionis
388 842 588 891 sponsalia.
646 842 910 879 Deliramenta
939 844 1030 878 sunt
1057 841 1132 878 ista
1160 844 1199 878 et
1226 841 1353 878 verbis
1380 853 1519 889 puero-

179 923 266 947 rum
286 910 455 948 similia.³

115 980 161 1015 10
232 979 343 1017 Unde
371 992 500 1016 omnes
527 979 784 1016 moderniores
802 979 987 1024 doctores,
1011 991 1174 1028 quorum
1200 978 1341 1026 scripta
1360 977 1518 1014 memini

179 1059 239 1083 me
258 1047 406 1095 legisse,
429 1048 564 1085 dicunt
583 1048 819 1085 concorditer
839 1048 942 1097 quod
962 1047 1003 1084 in
1018 1048 1146 1084 triduo
1167 1060 1303 1095 corpus
1322 1046 1421 1083 illud
1440 1046 1518 1084 fuit

180 1127 316 1164 corpus
337 1116 480 1153 Christi
509 1115 608 1153 sicut
636 1119 675 1154 et
702 1116 829 1153 anima
856 1116 935 1153 fuit
962 1118 1056 1152 tunc
1077 1114 1204 1152 anima
1224 1114 1394 1152 Christi:
1427 1115 1517 1163 quia
1536 1118 1594 1144 Not
1636 1119 1703 1151 only
1743 1126 1801 1144 wan

1535 1151 1583 1176 the
1641 1152 1694 1177 bod
1773 1153 1805 1178 of

178 1184 422 1221 manentibus
441 1184 624 1221 extremis
644 1185 797 1222 unionis
813 1185 825 1205 4
843 1184 962 1221 Verbi
982 1185 1030 1221 ad
1057 1187 1236 1221 naturam
1266 1186 1499 1232 assumptam
1535 1184 1630 1210 Christ
1692 1160 1803 1218 gurim,

1505 1213 1512 1229 5

29 1262 66 1305 [c
79 1262 159 1305 492]
179 1255 309 1290 manet
340 1253 472 1290 eadem
504 1253 608 1290 unio.
664 1254 777 1291 Unde
803 1253 949 1300 dicunt,
974 1254 979 1300 l
1001 1254 1103 1301 quod
1131 1254 1189 1289 est
1217 1251 1517 1301 synecdochica⁵
1534 1217 1587 1243 but

178 1320 335 1367 locucio,
368 1320 602 1369 sepelierunt
633 1321 776 1367 Iesum,
816 1321 857 1358 id
890 1323 959 1366 est,
992 1334 1127 1369 corpus
1157 1321 1260 1357 Iesu.
1317 1320 1420 1357 6Sed
1448 1332 1517 1367 ego

7 1389 45 1432 [0
59 1389 159 1432 220a]
179 1401 255 1425 non
283 1389 405 1435 video,
430 1390 617 1438 quomodo
637 1389 737 1427 foret
756 1393 850 1427 tunc
870 1402 1005 1438 corpus
1025 1389 1146 1434 Iesu,⁶
1171 1389 1176 1436 l
1200 1389 1276 1425 nisi
1295 1389 1406 1426 Iesus
1424 1391 1518 1426 tunc

179 1456 282 1494 foret
310 1457 420 1494 Iesus
457 1471 669 1506 corporeuS‚
704 1458 849 1495 habens
882 1470 1011 1494 omnes
1043 1461 1171 1506 partes
1207 1457 1315 1494 illius
1353 1457 1518 1506 corporis

179 1529 309 1574 partes
337 1539 435 1572 suaS,
464 1526 578 1563 iuxta
605 1526 737 1563 illam⁷
763 1526 950 1563 Veritatis
978 1539 1109 1563 vocem
1139 1526 1199 1563 Mt
1226 1525 1310 1562 260.
1336 1526 1518 1563 ‘mittens
1537 1533 1621 1558 Matt·
1635 1533 1766 1560 xxvi.12.

179 1594 251 1631 hec
280 1596 549 1642 unguentum⁸
578 1595 650 1632 hoc
687 1594 728 1631 in
762 1608 898 1644 corpus
927 1608 1055 1632 meum
1089 1595 1136 1631 ad
1169 1594 1432 1643 sepeliendum
1458 1607 1518 1631 me

111 1670 160 1704 20
179 1662 298 1700 fecit.’
367 1663 440 1700 Pro
471 1665 573 1700 certo
607 1676 676 1711 ego
708 1665 817 1701 credo
848 1664 950 1713 quod
986 1663 1066 1713 ipse
1106 1663 1282 1701 Christus
1320 1663 1419 1700 sicut
1456 1664 1805 1724 θμξξὲῐῗηήθὲἱωεῶ

181 1731 354 1781 quelibet
372 1744 459 1780 pars
479 1732 647 1780 corporis
667 1732 726 1769 sui
746 1733 921 1781 sepultus
941 1735 1012 1769 est.
1710 1718 1717 1730 ⁹

233 1800 325 1837 Ideo
358 1801 470 1837 hoo1⁰
505 1801 667 1837 concedo
696 1814 782 1838 cum
807 1801 893 1838 istis
922 1801 1140 1838 doctoribus
1172 1800 1214 1837 in
1243 1800 1367 1849 prima
1393 1802 1514 1849 parte,
1537 1813 1631 1839 Christ
1650 1814 1697 1847 lay
1709 1815 1739 1840 in
1751 1815 1800 1841 the

181 1881 267 1906 oum
305 1868 355 1906 sit
391 1869 437 1905 de
474 1869 561 1915 fide,
603 1872 643 1906 et
680 1870 842 1907 concedo
879 1870 925 1907 de
964 1883 1111 1906 summa
1149 1869 1296 1907 virtute
1334 1869 1517 1906 sermonis
1535 1848 1800 1913 igffb'hypostatie

9 1943 48 1986 [B
63 1943 161 1986 12212]
182 1937 377 1975 Christum
396 1937 556 1975 iacuisse
570 1937 610 1974 in
626 1939 816 1986 sepulcro;
839 1951 925 1975 cum
940 1938 1040 1975 illud
1056 1951 1191 1987 corpus
1207 1941 1400 1975 mortuum
1416 1938 1508 1986 fuit!
1534 1914 1802 1980 Wssffirgssffiniss}

180 2018 341 2055 persona
354 2006 378 2026 11
403 2006 545 2044 Verbi:
575 2019 651 2043 non
672 2007 775 2056 quod
788 2007 813 2027 ¹²
832 2007 1005 2056 quelibet
1022 2020 1110 2056 pars
1130 2007 1390 2056 quantitativa
1408 2007 1515 2043 illius

181 2074 346 2123 corporis
375 2077 621 2122 generaretur
636 2076 662 2096 ¹³
688 2088 756 2124 pro
784 2075 946 2113 instanti
964 2076 1109 2121 mortis,
1133 2075 1186 2113 sic
1212 2075 1314 2124 quod
1340 2075 1516 2112 Christus

180 2145 274 2180 tunc
307 2146 555 2190 generaretur
591 2145 815 2181 assumendo
849 2158 986 2182 novam
1024 2147 1225 2182 naturam:
1259 2144 1324 2181 sed
1359 2157 1516 2181 manens

183 2212 361 2249 continue
398 2212 500 2249 idem
515 2212 540 2233 ¹¹
576 2225 713 2261 corpus
749 2213 857 2262 prius
902 2213 1037 2250 vivum
1075 2216 1113 2251 et
1129 2215 1154 2234 ¹⁵
1190 2215 1277 2262 post
1321 2215 1517 2250 mortuum

183 2281 398 2319 subiectum
424 2284 482 2319 est
503 2285 689 2331 perpetuo
704 2284 728 2303 ¹⁶
748 2283 871 2319 eidem
891 2282 1104 2331 ypostatice
1125 2281 1272 2319 unioni.
1329 2281 1429 2318 Nam
1448 2294 1517 2330 per

116 2353 163 2387 30
183 2352 309 2388 totum
327 2350 499 2387 triduum
521 2351 696 2388 Christus
724 2351 866 2388 mansit
893 2352 1005 2388 homo
1033 2354 1112 2388 tam
1142 2351 1351 2388 secundum
1380 2363 1516 2398 corpus

184 2432 299 2468 quam
332 2420 579 2456 secundum¹⁷
608 2420 795 2467 animam;
828 2424 867 2457 et
894 2433 983 2457 vere
1011 2433 1144 2469 passus
1173 2422 1231 2457 est
1259 2422 1420 2456 mortem
1448 2431 1515 2467 pro

241 2520 252 2540 1
277 2522 308 2551 et
325 2520 350 2551 B
367 2531 373 2558 ;
400 2532 457 2552 om.
476 2520 514 2552 O.
612 2520 626 2540 ²
649 2531 705 2562 per
723 2520 758 2552 C.
841 2520 854 2540 ³
878 2531 1049 2562 puerorum
1066 2519 1232 2551 dissimilia
1249 2520 1274 2550 A
1289 2519 1314 2550 Β
1330 2518 1366 2551 C.
1457 2517 1470 2538 4
1493 2518 1662 2549 unionibus
1680 2518 1707 2549 A
1721 2518 1747 2548 B
1760 2517 1796 2550 C.

241 2563 254 2582 ⁵
277 2563 445 2605 synochica
469 2565 515 2601 A;
541 2563 725 2595 sinodochia
755 2563 800 2601 B;
827 2563 1020 2605 synodogica
1052 2563 1098 2602 O;
1123 2562 1312 2604 syndochica
1340 2561 1376 2593 C.
1400 2572 1462 2600 pro
1491 2560 1715 2602 synecdochica
1745 2563 1796 2592 i.e.

178 2616 240 2646 per
256 2607 472 2645 synecdochen.
1234 2605 1283 2627 6-6
1307 2604 1360 2635 sed
1377 2629 1384 2636 .
1407 2629 1413 2635 .
1436 2629 1442 2635 .
1462 2603 1536 2635 Iesu
1553 2615 1610 2636 om.
1631 2604 1669 2635 O.

242 2648 253 2667 ⁷
277 2648 357 2679 illud
375 2648 413 2679 O.
618 2648 630 2668 Β
655 2648 712 2679 hec
728 2659 786 2680 om.
806 2649 835 2679 A
849 2648 874 2679 B
889 2648 912 2679 C
928 2658 934 2684 ;
961 2647 1185 2689 hunguentum
1203 2647 1242 2679 B.
1501 2647 1513 2665 ⁹
1536 2647 1568 2676 in
1586 2646 1623 2677 Ο.

229 2690 255 2710 ¹⁰
279 2691 338 2722 hoc
356 2702 413 2721 om.
431 2692 459 2721 A
473 2690 499 2721 B
512 2691 554 2728 C;
581 2687 724 2722 ideo-om.
745 2691 785 2723 O.
864 2691 886 2710 ¹¹
914 2690 1034 2721 Christi
1051 2692 1121 2721 add.
1142 2691 1179 2720 Ο.
1488 2689 1515 2708 ¹²
1539 2688 1623 2730 quod
1638 2699 1695 2719 om.
1716 2688 1754 2719 O.

230 2733 256 2752 ¹³
280 2733 492 2774 generabatur
509 2735 537 2765 A
551 2733 577 2764 B
594 2733 631 2765 Ο.
865 2733 890 2752 ¹⁴
915 2733 1064 2764 continuo
1081 2734 1109 2763 A
1122 2733 1147 2763 B
1161 2732 1204 2771 C;
1229 2731 1310 2763 illud
1328 2732 1364 2763 C.
1485 2731 1510 2752 ¹⁵
1534 2736 1565 2762 et
1581 2742 1639 2764 om.
1658 2732 1687 2762 A
1701 2731 1727 2761 B
1740 2730 1776 2762 C.

229 2775 254 2795 ¹⁶
277 2778 428 2818 perpetue
445 2775 483 2807 B.
862 2775 885 2795 ¹7
911 2775 1082 2807 secundum
1098 2786 1154 2807 om.
1175 2774 1198 2806 C
1215 2775 1253 2806 O.
