2028 3346
224 253 279 295 38

224 462 249 488 if
272 468 316 487 we
344 462 494 488 introduce

225 495 382 521 finedrawn
402 496 493 527 philo-

227 529 356 560 sophical
387 530 494 561 glosses

225 562 286 587 into
338 563 493 594 scripture,

226 602 269 620 we
282 596 368 621 reach
389 596 495 621 absus-d

225 629 404 654 conclusions
419 637 425 656 t

260 939 273 965 1
286 938 363 966 John
376 939 415 965 iv,
431 940 454 972 6,
469 941 494 966 9.

318 1014 395 1046 Eph.
410 1021 438 1041 v.
452 1014 493 1041 26.

225 1155 256 1174 as
282 1148 393 1174 several

224 1182 372 1214 examples
385 1181 477 1208 show.

257 1281 330 1314 Eph.
345 1288 374 1308 v.
389 1282 431 1315 31,
444 1282 485 1308 32.

318 1349 392 1375 Gen.
406 1348 436 1375 ii.
450 1349 492 1375 24.

290 2256 368 2282 John
380 2256 441 2282 xvi.
452 2256 494 2283 27.

354 2331 411 2358 Isa.
425 2331 455 2357 li.
471 2332 495 2358 1.

267 2398 339 2424 Hos.
353 2397 383 2425 ii.
399 2398 440 2431 16,
455 2399 495 2424 19.

828 264 1049 293 JOHANNIS
1079 263 1248 291 WYCLIF
1701 260 1781 294 [CAP.
1797 260 1855 286 111.

513 382 728 422 cuiusmodi
748 384 806 420 est
824 382 914 420 talis
927 381 1088 419 ?—cum
1102 381 1299 419 venissent
1318 381 1366 419 ad
1380 380 1480 419 illud
1496 393 1631 430 corpus
1645 381 1854 425 mortuum,

514 453 618 502 quod
644 453 744 489 ¹non
762 451 893 500 potuit
912 463 992 488 esse
1012 450 1136 497 Iesus,
1160 450 1226 487 sed
1239 450 1249 470 ¹
1268 449 1388 498 prius,
1411 461 1489 485 non
1507 451 1601 485 tunc
1620 447 1699 484 fuit
1722 458 1858 495 corpus

513 522 627 569 Iesu;
656 524 752 559 tunc
780 533 883 557 unus
910 519 1093 565 militum,
1116 532 1194 556 non
1220 519 1324 556 latus
1344 518 1438 563 eius,
1465 530 1536 555 nec
1564 517 1726 554 univoce
1755 516 1859 552 latus

513 590 678 628 alicuius
698 589 864 639 aperuit,
888 589 954 626 sed
972 592 1123 638 partem
1142 588 1259 625 unius
1279 587 1446 637 corporis
1469 586 1626 632 mortui,
1650 585 1754 635 quod
1780 597 1859 622 non

512 661 607 696 tunc
644 658 724 695 fuit
753 658 930 695 Christus
966 657 1032 695 vel
1063 671 1152 707 pars
1185 657 1318 704 eius²;
1358 658 1398 693 et
1428 655 1565 701 exivit,
1596 668 1674 692 non
1703 653 1859 702 sanguis
1879 661 1900 695 5

512 727 792 776 redempcionis
812 730 851 764 et
871 740 972 776 aqua
990 726 1234 776 baptismatis
1254 725 1301 763 de
1321 725 1442 762 latere
1467 723 1622 771 Christi,
1646 723 1738 773 quia
1765 725 1860 760 tunc

512 810 591 834 non
609 797 687 834 fuit
707 796 898 834 Christus.
947 796 999 833 Et
1019 795 1072 833 sic
1093 795 1265 844 spiritus,
1290 794 1419 843 aqua,³
1439 795 1479 831 et
1499 792 1654 841 sanguis
1672 805 1749 829 non
1770 794 1861 829 sunt

512 878 584 903 nec
628 865 791 903 fuerunt
830 867 950 902 testes
994 863 1253 901 humanitatis
1296 862 1453 909 Christi,
1493 861 1585 911 quia
1621 874 1699 898 non
1746 860 1861 898 simul

512 935 687 981 fuerunt,
724 934 825 971 sicut
857 933 1015 971 videtur
1045 934 1240 970 lohannes
1270 932 1395 969 dicere
1424 931 1446 968 I
1477 931 1551 968 Ioh
1577 929 1634 967 40.
1692 930 1775 967 Nec
1804 932 1862 967 est

513 1016 649 1041 verum
682 1003 730 1040 ad
762 1003 880 1040 verba
909 1002 1011 1039 illud
1040 1002 1143 1051 quod
1174 1001 1268 1039 dicit
1300 999 1511 1049 Apostolus
1544 999 1591 1036 ad
1623 999 1765 1048 EpheS.
1802 997 1858 1036 50.
1884 1001 1930 1036 10

514 1073 618 1123 quod
641 1076 649 1093 ‘
665 1072 844 1111 Christus
864 1071 917 1109 sic
937 1071 1080 1109 dilexit
1098 1071 1298 1109 ecclesiam
1315 1070 1418 1120 quod
1432 1068 1593 1107 tradidit
1613 1068 1862 1117 semetipsum

511 1155 580 1192 pro
606 1142 686 1188 illa,
709 1144 754 1180 ut
783 1141 1062 1179 sanctificaret4
1081 1141 1272 1178 mundans
1291 1153 1375 1177 eam
1393 1139 1545 1176 lavacro
1565 1151 1664 1188 aque
1684 1137 1726 1174 in
1744 1138 1862 1175 verbo

511 1211 592 1249 vite
607 1211 639 1259 ;’
662 1224 750 1248 cum
783 1210 944 1248 ecclesia
969 1223 1039 1260 per
1067 1212 1194 1248 totum
1218 1209 1393 1246 triduum
1419 1208 1498 1245 fuit
1528 1221 1616 1245 cum
1644 1220 1778 1256 sponso
1798 1206 1863 1244 vel

513 1280 638 1329 capite
660 1280 844 1317 Christo.⁵
898 1280 981 1317 Nec
1010 1281 1069 1317 est
1096 1279 1197 1316 illud
1215 1277 1394 1327 Apostoli
1419 1278 1468 1314 ad
1492 1277 1622 1326 Ephes
1647 1276 1703 1313 50.
1725 1289 1859 1313 verum

512 1350 561 1387 ad
575 1350 704 1396 verba,
723 1349 877 1399 quando
897 1348 999 1386 illud
1015 1349 1110 1387 Gen.
1136 1349 1188 1385 2.⁶
1216 1349 1228 1370 ⁷
1242 1347 1391 1385 dictum
1410 1348 1459 1384 ad
1478 1359 1632 1384 sensum
1651 1345 1860 1383 litteralem
1884 1349 1929 1383 15

512 1419 559 1456 de
577 1417 702 1467 primo
716 1418 843 1455 Adam
863 1420 903 1456 et
921 1418 968 1455 de
988 1430 1109 1455 uxore
1122 1419 1134 1439 ⁷
1155 1430 1236 1463 sua,
1253 1415 1414 1466 exponit
1429 1416 1477 1453 ad
1497 1428 1651 1453 sensum
1665 1414 1862 1452 misticum

512 1488 559 1525 de
580 1487 733 1526 Christo
754 1492 794 1525 et
812 1487 973 1525 ecclesia
990 1502 998 1525 :
1025 1487 1132 1533 ‘hoc,
1149 1485 1282 1536 inquit
1300 1488 1446 1529 textus,
1463 1498 1567 1522 nunc
1587 1497 1627 1522 os
1646 1498 1697 1522 ex
1714 1484 1861 1522 ossibus

510 1556 606 1594 meis
637 1560 676 1594 et
712 1569 799 1593 caro
830 1556 877 1593 de
911 1568 1024 1593 carne
1056 1569 1165 1593 mea:
1206 1557 1364 1604 propter
1395 1555 1468 1592 hoc
1498 1553 1719 1603 ssrelinquet
1747 1553 1861 1590 homo

509 1627 661 1674 patrem
680 1626 720 1662 et
739 1626 903 1662 matrem
923 1638 1031 1662 suam
1051 1626 1090 1662 et
1110 1624 1311 1662 adherebit
1334 1623 1450 1661 uxori
1476 1636 1555 1670 sue,
1579 1625 1619 1660 et
1644 1624 1759 1660 erunt
1784 1622 1861 1659 duo

509 1694 552 1731 in
580 1707 693 1732 carne
721 1694 826 1732 una.'
887 1697 896 1714 ‘
914 1694 1236 1740 Sacramentum‚‘³
1262 1693 1393 1743 inquit
1413 1692 1636 1742 Apostolus,
1659 1693 1731 1730 hoc
1752 1705 1858 1740 mag·
1881 1698 1931 1732 20

509 1776 606 1801 num
640 1765 720 1801 est:
754 1776 823 1812 ego
857 1765 989 1801 autem
1023 1763 1107 1801 dico
1137 1763 1180 1800 in
1211 1763 1365 1801 Christo
1398 1765 1438 1800 et
1467 1761 1509 1799 in
1542 1761 1726 1800 ecclesia.'
1784 1761 1863 1798 Illa

511 1835 643 1870 autem
681 1832 873 1882 exposicio
911 1832 1091 1881 Apostoli
1135 1834 1194 1870 est
1239 1830 1500 1881 impossibilis,
1542 1830 1689 1868 scilicet
1730 1829 1862 1880 quod,⁹

512 1901 614 1939 sicut
646 1914 696 1939 ex
735 1904 839 1939 costa
868 1901 995 1938 Adam
1024 1901 1187 1939 resoluti
1200 1902 1226 1922 ¹⁰
1259 1900 1301 1938 in
1339 1914 1512 1949 soporem
1525 1900 1550 1920 ¹¹
1589 1900 1767 1938 edificata
1805 1901 1863 1937 est

513 1984 651 2020 sponsa
679 1970 762 2009 eius
791 1971 1003 2008 secundum
1031 1972 1203 2009 membra
1223 1984 1329 2008 ossea
1350 1971 1470 2008 solida
1502 1972 1541 2008 et
1562 1972 1706 2017 tenera,
1730 1969 1783 2007 sic
1812 1982 1862 2006 ex

513 2043 695 2090 apertura
710 2041 736 2061 ¹²
754 2040 888 2078 lateris
908 2040 1066 2078 secundi
1086 2040 1228 2078 Adami
1248 2040 1425 2078 edificata
1451 2042 1510 2077 est
1538 2039 1698 2077 ecclesia
1726 2051 1861 2088 sponsa
1880 2046 1928 2080 25

514 2110 660 2148 Christi
699 2110 912 2147 secundum
944 2110 1176 2148 varietatem
1189 2111 1214 2131 ¹³
1243 2110 1503 2147 membrorum
1538 2108 1708 2147 ecclesie.
1778 2109 1815 2146 N
1819 2121 1860 2145 ec

512 2179 676 2229 reliquit
691 2179 717 2200 ¹4
748 2179 926 2217 Christus
963 2179 1120 2216 Patrem
1157 2178 1408 2228 semetipsum
1424 2179 1450 2199 ¹⁵
1486 2178 1743 2216 exinaniendo
1760 2178 1785 2198 ¹⁶
1823 2180 1862 2216 et

515 2249 691 2286 exeundo
716 2261 737 2285 a
754 2249 778 2270 ¹⁷
812 2248 939 2295 Patre,
972 2250 1019 2285 ut
1048 2247 1192 2285 dicitur
1214 2247 1300 2285 Ioh.
1333 2247 1440 2296 160.;
1471 2251 1510 2285 et
1536 2250 1721 2285 ‘matrem
1747 2260 1860 2298 syna-

516 2330 652 2366 gogam
681 2317 724 2354 in
754 2330 831 2367 qua
859 2316 998 2354 natus’
1034 2319 1092 2355 est
1123 2317 1199 2354 Isa.
1222 2318 1334 2365 50133
1370 2319 1409 2355 et
1434 2317 1634 2355 adherebit
1659 2316 1774 2354 uxori
1794 2329 1860 2354 sue

515 2386 663 2424 scilicet
683 2385 854 2430 ecclesie,
872 2388 918 2423 ut
933 2385 1078 2423 dicitur
1097 2385 1193 2423 Osee
1214 2385 1272 2424 20.
1328 2386 1412 2424 Nec
1432 2389 1541 2424 erant
1560 2387 1635 2423 duo
1656 2386 1861 2434 coniugata
1881 2393 1929 2428 30

515 2455 557 2492 in
594 2456 728 2493 eadem
759 2457 899 2493 natura
932 2455 1127 2493 communi
1156 2457 1237 2493 tam
1268 2456 1480 2493 secundum
1513 2468 1665 2493 carnem
1681 2456 1707 2476 ¹⁹
1744 2468 1861 2504 quam

283 2593 332 2618 ¹—1
356 2604 421 2626 non
435 2595 543 2637 potuit
560 2620 568 2627 .
587 2619 594 2628 .
613 2619 620 2628 .
638 2595 692 2628 sed
706 2607 765 2627 om.
783 2597 812 2627 A
826 2596 852 2627 B
867 2596 904 2628 C.
1045 2596 1059 2616 2
1082 2597 1148 2628 eius
1165 2608 1221 2628 om.
1241 2596 1280 2628 Ο.
1583 2597 1596 2617 ³
1619 2607 1638 2628 a
1654 2607 1716 2639 quo
1733 2597 1771 2629 B.

281 2637 295 2700 ἓ
311 2648 381 2701 egam
392 2640 468 2712 ledd.
486 2640 517 2712 A:
532 2638 559 2669 B
577 2638 631 2714 OS
662 2641 675 2660 ⁶
699 2639 827 2671 Christo
844 2651 902 2670 om.
922 2639 961 2671 Ο.
1043 2639 1056 2659 ⁶
1081 2640 1115 2671 30
1131 2641 1160 2671 A
1173 2640 1198 2671 B
1211 2640 1247 2673 C.
1339 2640 1387 2703 ⁷9-⁷
1412 2640 1533 2672 dictum
1551 2664 1559 2672 .
1576 2663 1583 2672 .
1603 2664 1610 2671 .
1628 2650 1725 2672 uxore
1742 2651 1801 2672 om.
1819 2640 1857 2673 Ο.

268 2722 296 2742 ¹0
319 2691 501 2772 resrglffiglff
514 2684 853 2761 {pciesgffitffgntuff
863 2682 975 2767 spopore
992 2725 1029 2758 B.
1090 2725 1117 2745 ¹²
1133 2727 1305 2767 appertura
1321 2728 1350 2757 A
1361 2683 1589 2767 quzdsspturlz}
1596 2683 1658 2765 2173720
1674 2727 1798 2765 aPtura
1816 2726 1854 2757 0.

269 2765 295 2785 ¹³
318 2770 487 2798 ventatem
503 2767 532 2798 A
544 2767 571 2798 B
583 2768 619 2800 C.
805 2768 828 2787 ¹4
851 2768 986 2810 requirit
1004 2769 1042 2800 Ο.
1088 2769 1116 2788 ¹⁵
1139 2770 1277 2810 seipsum
1295 2769 1332 2801 O.
1446 2769 1473 2789 ¹⁶
1498 2768 1717 2800 exanimiendo
1734 2770 1761 2800 A
1777 2769 1802 2800 B
1818 2769 1854 2801 C.

268 2808 294 2828 ¹⁷
318 2808 356 2841 de
375 2810 414 2841 Ο.
659 2811 687 2830 ¹¹³
711 2811 776 2842 Isa.
795 2812 812 2845 7
830 2812 860 2842 A
874 2812 899 2842 B
914 2812 950 2844 C.
1086 2811 1112 2832 ¹⁹
1135 2816 1285 2843 naturam
1308 2814 1342 2844 in
1358 2813 1499 2854 mavyine
1515 2823 1592 2846 corr.
1613 2822 1739 2843 carnem
1756 2812 1794 2844 B.
