<?xml version="1.0" encoding="UTF-8"?>
<!DOCTYPE html PUBLIC "-//W3C//DTD XHTML 1.0 Transitional//EN"
    "http://www.w3.org/TR/xhtml1/DTD/xhtml1-transitional.dtd">
<html xmlns="http://www.w3.org/1999/xhtml" xml:lang="en" lang="en">
 <head>
  <title>
</title>
<meta http-equiv="Content-Type" content="text/html;charset=utf-8" />
  <meta name='ocr-system' content='tesseract 3.04.00' />
  <meta name='ocr-capabilities' content='ocr_page ocr_carea ocr_par ocr_line ocrx_word'/>
</head>
<body>
  <div class='ocr_page' id='page_1' title='image "./tractatusdebened00wycl_0083.png"; bbox 0 0 2028 3346; ppageno 0'>
   <div class='ocr_carea' id='block_1_1' title="bbox 238 256 1396 290">
    <p class='ocr_par' dir='ltr' id='par_1_1' title="bbox 238 256 1396 290">
     <span class='ocr_line' id='line_1_1' title="bbox 238 256 1396 290; baseline 0.005 -8"><span class='ocrx_word' id='word_1_1' title='bbox 238 256 304 283; x_wconf 65' lang='lat' dir='ltr'>off.</span> <span class='ocrx_word' id='word_1_2' title='bbox 320 256 392 290; x_wconf 86' lang='lat'>111.]</span> <span class='ocrx_word' id='word_1_3' title='bbox 688 259 745 286; x_wconf 92' lang='lat' dir='ltr'>DE</span> <span class='ocrx_word' id='word_1_4' title='bbox 777 259 1025 287; x_wconf 85' lang='lat' dir='ltr'>BENEDICTA</span> <span class='ocrx_word' id='word_1_5' title='bbox 1056 260 1396 288; x_wconf 82' lang='lat' dir='ltr'><strong>INCARNACIONE.</strong></span> 
     </span>
    </p>
   </div>
   <div class='ocr_carea' id='block_1_2' title="bbox 173 375 1576 1041">
    <p class='ocr_par' dir='ltr' id='par_1_2' title="bbox 237 375 1575 631">
     <span class='ocr_line' id='line_1_2' title="bbox 238 375 1574 427; baseline 0.002 -15"><span class='ocrx_word' id='word_1_6' title='bbox 238 375 364 414; x_wconf 86' lang='lat' dir='ltr'>ficato.</span> <span class='ocrx_word' id='word_1_7' title='bbox 421 375 549 413; x_wconf 88' lang='lat' dir='ltr'>Primo</span> <span class='ocrx_word' id='word_1_8' title='bbox 576 376 711 413; x_wconf 87' lang='lat' dir='ltr'>modo¹</span> <span class='ocrx_word' id='word_1_9' title='bbox 741 378 799 414; x_wconf 88' lang='lat' dir='ltr'>est</span> <span class='ocrx_word' id='word_1_10' title='bbox 826 390 927 414; x_wconf 87' lang='lat' dir='ltr'>mors</span> <span class='ocrx_word' id='word_1_11' title='bbox 948 376 1092 414; x_wconf 75' lang='lat' dir='ltr'>Christi</span> <span class='ocrx_word' id='word_1_12' title='bbox 1121 377 1249 415; x_wconf 88' lang='lat' dir='ltr'>subita</span> <span class='ocrx_word' id='word_1_13' title='bbox 1276 391 1352 415; x_wconf 90' lang='lat' dir='ltr'>non</span> <span class='ocrx_word' id='word_1_14' title='bbox 1379 377 1574 427; x_wconf 88' lang='lat' dir='ltr'>possibilis</span> 
     </span>
     <span class='ocr_line' id='line_1_3' title="bbox 238 442 1575 493; baseline 0.002 -13"><span class='ocrx_word' id='word_1_15' title='bbox 238 442 370 481; x_wconf 86' lang='lat' dir='ltr'>iterari</span> <span class='ocrx_word' id='word_1_16' title='bbox 389 443 481 481; x_wconf 91' lang='lat' dir='ltr'>licet</span> <span class='ocrx_word' id='word_1_17' title='bbox 501 444 677 481; x_wconf 83' lang='lat' dir='ltr'>Christus</span> <span class='ocrx_word' id='word_1_18' title='bbox 702 445 927 482; x_wconf 72' lang='lat' dir='ltr'>eternaliter</span> <span class='ocrx_word' id='word_1_19' title='bbox 953 447 1081 493; x_wconf 86' lang='lat' dir='ltr'>potest</span> <span class='ocrx_word' id='word_1_20' title='bbox 1108 444 1216 482; x_wconf 88' lang='lat' dir='ltr'>mori.</span> <span class='ocrx_word' id='word_1_21' title='bbox 1274 444 1331 482; x_wconf 84' lang='lat'>20.</span> <span class='ocrx_word' id='word_1_22' title='bbox 1352 446 1462 483; x_wconf 86' lang='lat' dir='ltr'>modo</span> <span class='ocrx_word' id='word_1_23' title='bbox 1493 447 1575 483; x_wconf 81' lang='lat' dir='ltr'>est2</span> 
     </span>
     <span class='ocr_line' id='line_1_4' title="bbox 237 512 1575 562; baseline 0.002 -14"><span class='ocrx_word' id='word_1_24' title='bbox 237 525 339 548; x_wconf 86' lang='lat' dir='ltr'>mors</span> <span class='ocrx_word' id='word_1_25' title='bbox 366 513 557 559; x_wconf 86' lang='lat' dir='ltr'>triduana,</span> <span class='ocrx_word' id='word_1_26' title='bbox 581 512 680 550; x_wconf 90' lang='lat' dir='ltr'>sicut</span> <span class='ocrx_word' id='word_1_27' title='bbox 707 526 842 561; x_wconf 88' lang='lat' dir='ltr'>corpus</span> <span class='ocrx_word' id='word_1_28' title='bbox 870 512 1161 561; x_wconf 78' lang='lat' dir='ltr'>incorruptibile</span> <span class='ocrx_word' id='word_1_29' title='bbox 1189 526 1258 562; x_wconf 89' lang='lat' dir='ltr'>per</span> <span class='ocrx_word' id='word_1_30' title='bbox 1276 513 1450 550; x_wconf 89' lang='lat' dir='ltr'>triduum</span> <span class='ocrx_word' id='word_1_31' title='bbox 1470 516 1575 551; x_wconf 82' lang='lat' dir='ltr'>caret</span> 
     </span>
     <span class='ocr_line' id='line_1_5' title="bbox 238 580 1575 631; baseline 0.002 -14"><span class='ocrx_word' id='word_1_32' title='bbox 238 580 330 627; x_wconf 85' lang='lat' dir='ltr'>vita,</span> <span class='ocrx_word' id='word_1_33' title='bbox 367 580 467 617; x_wconf 90' lang='lat' dir='ltr'>sicut</span> <span class='ocrx_word' id='word_1_34' title='bbox 503 593 567 617; x_wconf 86' lang='lat' dir='ltr'>aer</span> <span class='ocrx_word' id='word_1_35' title='bbox 598 581 715 618; x_wconf 86' lang='lat' dir='ltr'>habet</span> <span class='ocrx_word' id='word_1_36' title='bbox 747 581 945 617; x_wconf 81' lang='lat' dir='ltr'>tenebram</span> <span class='ocrx_word' id='word_1_37' title='bbox 981 581 1213 628; x_wconf 82' lang='lat' dir='ltr'>triduanam,</span> <span class='ocrx_word' id='word_1_38' title='bbox 1251 584 1290 618; x_wconf 87' lang='lat' dir='ltr'>et</span> <span class='ocrx_word' id='word_1_39' title='bbox 1326 581 1427 619; x_wconf 90' lang='lat' dir='ltr'>sicut</span> <span class='ocrx_word' id='word_1_40' title='bbox 1462 585 1575 631; x_wconf 88' lang='lat' dir='ltr'>pater</span> 
     </span>
    </p>

    <p class='ocr_par' dir='ltr' id='par_1_3' title="bbox 173 648 1576 1041">
     <span class='ocr_line' id='line_1_6' title="bbox 198 648 1575 698; baseline 0.001 -12"><span class='ocrx_word' id='word_1_41' title='bbox 198 653 219 687; x_wconf 90' lang='lat'>5</span> <span class='ocrx_word' id='word_1_42' title='bbox 240 661 388 697; x_wconf 82' lang='lat' dir='ltr'>Semper</span> <span class='ocrx_word' id='word_1_43' title='bbox 416 648 542 696; x_wconf 85' lang='lat' dir='ltr'>gignit</span> <span class='ocrx_word' id='word_1_44' title='bbox 555 650 567 669; x_wconf 80' lang='lat'>³</span> <span class='ocrx_word' id='word_1_45' title='bbox 594 648 731 694; x_wconf 88' lang='lat' dir='ltr'>filium,</span> <span class='ocrx_word' id='word_1_46' title='bbox 755 649 810 685; x_wconf 93' lang='lat' dir='ltr'>sol</span> <span class='ocrx_word' id='word_1_47' title='bbox 831 661 977 697; x_wconf 83' lang='lat' dir='ltr'>semper</span> <span class='ocrx_word' id='word_1_48' title='bbox 995 649 1174 698; x_wconf 79' lang='lat' dir='ltr'>producit</span> <span class='ocrx_word' id='word_1_49' title='bbox 1193 649 1326 686; x_wconf 87' lang='lat' dir='ltr'>lumen</span> <span class='ocrx_word' id='word_1_50' title='bbox 1346 653 1385 687; x_wconf 91' lang='lat' dir='ltr'>et</span> <span class='ocrx_word' id='word_1_51' title='bbox 1403 650 1575 688; x_wconf 88' lang='lat' dir='ltr'>medium</span> 
     </span>
     <span class='ocr_line' id='line_1_7' title="bbox 237 717 1574 768; baseline 0.002 -14"><span class='ocrx_word' id='word_1_52' title='bbox 237 730 307 766; x_wconf 88' lang='lat' dir='ltr'>per</span> <span class='ocrx_word' id='word_1_53' title='bbox 325 720 478 766; x_wconf 88' lang='lat' dir='ltr'>tempus</span> <span class='ocrx_word' id='word_1_54' title='bbox 497 717 673 766; x_wconf 79' lang='lat' dir='ltr'>privatur</span> <span class='ocrx_word' id='word_1_55' title='bbox 694 718 853 764; x_wconf 90' lang='lat' dir='ltr'>lumine,</span> <span class='ocrx_word' id='word_1_56' title='bbox 875 717 967 755; x_wconf 87' lang='lat' dir='ltr'>licet</span> <span class='ocrx_word' id='word_1_57' title='bbox 987 719 1187 767; x_wconf 86' lang='lat' dir='ltr'>quodlibet</span> <span class='ocrx_word' id='word_1_58' title='bbox 1206 718 1367 756; x_wconf 90' lang='lat' dir='ltr'>istorum</span> <span class='ocrx_word' id='word_1_59' title='bbox 1387 720 1574 768; x_wconf 84' lang='lat' dir='ltr'>complete</span> 
     </span>
     <span class='ocr_line' id='line_1_8' title="bbox 238 786 1575 838; baseline 0.003 -16"><span class='ocrx_word' id='word_1_60' title='bbox 238 786 419 824; x_wconf 83' lang='lat' dir='ltr'>continue</span> <span class='ocrx_word' id='word_1_61' title='bbox 440 787 509 824; x_wconf 74' lang='lat' dir='ltr'>sit4</span> <span class='ocrx_word' id='word_1_62' title='bbox 528 788 770 836; x_wconf 86' lang='lat' dir='ltr'>productum.</span> <span class='ocrx_word' id='word_1_63' title='bbox 815 787 877 824; x_wconf 84' lang='lat' dir='ltr'>Sic</span> <span class='ocrx_word' id='word_1_64' title='bbox 895 787 1072 825; x_wconf 82' lang='lat' dir='ltr'>Christus</span> <span class='ocrx_word' id='word_1_65' title='bbox 1091 789 1139 825; x_wconf 89' lang='lat' dir='ltr'>ad</span> <span class='ocrx_word' id='word_1_66' title='bbox 1162 802 1314 825; x_wconf 89' lang='lat' dir='ltr'>sensum</span> <span class='ocrx_word' id='word_1_67' title='bbox 1334 789 1575 838; x_wconf 81' lang='lat' dir='ltr'>expositum⁵</span> 
     </span>
     <span class='ocr_line' id='line_1_9' title="bbox 239 855 1576 905; baseline 0.003 -15"><span class='ocrx_word' id='word_1_68' title='bbox 239 855 418 892; x_wconf 85' lang='lat' dir='ltr'>continue</span> <span class='ocrx_word' id='word_1_69' title='bbox 438 855 600 893; x_wconf 89' lang='lat' dir='ltr'>moritur</span> <span class='ocrx_word' id='word_1_70' title='bbox 618 868 686 904; x_wconf 90' lang='lat' dir='ltr'>per</span> <span class='ocrx_word' id='word_1_71' title='bbox 704 855 809 892; x_wconf 81' lang='lat' dir='ltr'>istud</span> <span class='ocrx_word' id='word_1_72' title='bbox 827 855 1001 892; x_wconf 86' lang='lat' dir='ltr'>triduum</span> <span class='ocrx_word' id='word_1_73' title='bbox 1021 859 1059 893; x_wconf 86' lang='lat' dir='ltr'>et</span> <span class='ocrx_word' id='word_1_74' title='bbox 1078 857 1194 893; x_wconf 87' lang='lat' dir='ltr'>habet</span> <span class='ocrx_word' id='word_1_75' title='bbox 1215 856 1392 905; x_wconf 83' lang='lat' dir='ltr'>simplam</span> <span class='ocrx_word' id='word_1_76' title='bbox 1412 859 1576 894; x_wconf 83' lang='lat' dir='ltr'>mortem</span> 
     </span>
     <span class='ocr_line' id='line_1_10' title="bbox 236 923 1576 973; baseline 0.003 -14"><span class='ocrx_word' id='word_1_77' title='bbox 236 923 466 970; x_wconf 85' lang='lat' dir='ltr'>triduanam,</span> <span class='ocrx_word' id='word_1_78' title='bbox 497 924 597 961; x_wconf 87' lang='lat' dir='ltr'>sicut</span> <span class='ocrx_word' id='word_1_79' title='bbox 624 924 822 973; x_wconf 86' lang='lat' dir='ltr'>dampnati</span> <span class='ocrx_word' id='word_1_80' title='bbox 850 924 994 961; x_wconf 87' lang='lat' dir='ltr'>habent</span> <span class='ocrx_word' id='word_1_81' title='bbox 1023 927 1184 961; x_wconf 89' lang='lat' dir='ltr'>mortem</span> <span class='ocrx_word' id='word_1_82' title='bbox 1211 928 1448 973; x_wconf 87' lang='lat' dir='ltr'>perpetuam.</span> <span class='ocrx_word' id='word_1_83' title='bbox 1504 926 1576 963; x_wconf 87' lang='lat' dir='ltr'>Est</span> 
     </span>
     <span class='ocr_line' id='line_1_11' title="bbox 173 992 1570 1041; baseline 0.002 -13"><span class='ocrx_word' id='word_1_84' title='bbox 173 999 218 1033; x_wconf 93' lang='lat'>10</span> <span class='ocrx_word' id='word_1_85' title='bbox 239 1005 326 1039; x_wconf 87' lang='lat' dir='ltr'>ergo</span> <span class='ocrx_word' id='word_1_86' title='bbox 348 992 522 1029; x_wconf 85' lang='lat' dir='ltr'>Christus</span> <span class='ocrx_word' id='word_1_87' title='bbox 542 992 712 1030; x_wconf 87' lang='lat' dir='ltr'>mortalis</span> <span class='ocrx_word' id='word_1_88' title='bbox 730 1005 797 1041; x_wconf 91' lang='lat' dir='ltr'>pro</span> <span class='ocrx_word' id='word_1_89' title='bbox 817 992 884 1029; x_wconf 92' lang='lat' dir='ltr'>illo</span> <span class='ocrx_word' id='word_1_90' title='bbox 904 992 1032 1030; x_wconf 90' lang='lat' dir='ltr'>triduo</span> <span class='ocrx_word' id='word_1_91' title='bbox 1053 1005 1140 1029; x_wconf 89' lang='lat' dir='ltr'>cum</span> <span class='ocrx_word' id='word_1_92' title='bbox 1160 993 1324 1030; x_wconf 87' lang='lat' dir='ltr'>moritur</span> <span class='ocrx_word' id='word_1_93' title='bbox 1342 993 1384 1030; x_wconf 92' lang='lat' dir='ltr'>in</span> <span class='ocrx_word' id='word_1_94' title='bbox 1402 993 1545 1031; x_wconf 86' lang='lat' dir='ltr'>effectu</span> <span class='ocrx_word' id='word_1_95' title='bbox 1563 1008 1570 1031; x_wconf 93' lang='lat'><strong>:</strong></span> 
     </span>
    </p>
   </div>
   <div class='ocr_carea' id='block_1_3' title="bbox 1804 249 1861 290">
    <p class='ocr_par' dir='ltr' id='par_1_4' title="bbox 1804 249 1861 290">
     <span class='ocr_line' id='line_1_12' title="bbox 1804 249 1861 290; baseline 0.018 -1"><span class='ocrx_word' id='word_1_96' title='bbox 1804 249 1861 290; x_wconf 85' lang='lat'>47</span> 
     </span>
    </p>
   </div>
   <div class='ocr_carea' id='block_1_4' title="bbox 236 1060 1818 1109">
    <p class='ocr_par' dir='ltr' id='par_1_5' title="bbox 236 1060 1818 1109">
     <span class='ocr_line' id='line_1_13' title="bbox 236 1060 1818 1109; baseline 0.003 -13"><span class='ocrx_word' id='word_1_97' title='bbox 236 1073 314 1097; x_wconf 91' lang='lat' dir='ltr'>non</span> <span class='ocrx_word' id='word_1_98' title='bbox 342 1063 469 1109; x_wconf 85' lang='lat' dir='ltr'>potest</span> <span class='ocrx_word' id='word_1_99' title='bbox 500 1063 630 1098; x_wconf 85' lang='lat' dir='ltr'>tamen</span> <span class='ocrx_word' id='word_1_100' title='bbox 661 1060 736 1097; x_wconf 91' lang='lat' dir='ltr'>nisi</span> <span class='ocrx_word' id='word_1_101' title='bbox 767 1060 1001 1097; x_wconf 81' lang='lat' dir='ltr'>solummodo</span> <span class='ocrx_word' id='word_1_102' title='bbox 1035 1061 1152 1098; x_wconf 88' lang='lat' dir='ltr'>semel</span> <span class='ocrx_word' id='word_1_103' title='bbox 1187 1061 1295 1098; x_wconf 87' lang='lat' dir='ltr'>mori.</span> <span class='ocrx_word' id='word_1_104' title='bbox 1354 1062 1425 1098; x_wconf 88' lang='lat' dir='ltr'>Est</span> <span class='ocrx_word' id='word_1_105' title='bbox 1454 1061 1574 1098; x_wconf 87' lang='lat' dir='ltr'>eciam</span> <span class='ocrx_word' id='word_1_106' title='bbox 1592 1074 1818 1101; x_wconf 75' lang='lat' dir='ltr'>andimmortal.</span> 
     </span>
    </p>
   </div>
   <div class='ocr_carea' id='block_1_5' title="bbox 236 1128 1574 1248">
    <p class='ocr_par' dir='ltr' id='par_1_6' title="bbox 236 1128 1574 1248">
     <span class='ocr_line' id='line_1_14' title="bbox 237 1128 1574 1179; baseline 0.001 -14"><span class='ocrx_word' id='word_1_107' title='bbox 237 1128 464 1167; x_wconf 88' lang='lat' dir='ltr'>immortalis</span> <span class='ocrx_word' id='word_1_108' title='bbox 492 1143 560 1179; x_wconf 87' lang='lat' dir='ltr'>pro</span> <span class='ocrx_word' id='word_1_109' title='bbox 587 1130 655 1167; x_wconf 89' lang='lat' dir='ltr'>illo</span> <span class='ocrx_word' id='word_1_110' title='bbox 683 1129 837 1167; x_wconf 81' lang='lat' dir='ltr'>triduo⁶</span> <span class='ocrx_word' id='word_1_111' title='bbox 859 1130 950 1179; x_wconf 82' lang='lat' dir='ltr'>quia</span> <span class='ocrx_word' id='word_1_112' title='bbox 978 1132 1036 1166; x_wconf 88' lang='lat' dir='ltr'>est</span> <span class='ocrx_word' id='word_1_113' title='bbox 1065 1129 1223 1178; x_wconf 89' lang='lat' dir='ltr'>spiritus</span> <span class='ocrx_word' id='word_1_114' title='bbox 1251 1130 1393 1176; x_wconf 86' lang='lat' dir='ltr'>Iesus,⁷</span> <span class='ocrx_word' id='word_1_115' title='bbox 1413 1130 1482 1179; x_wconf 87' lang='lat' dir='ltr'>qui</span> <span class='ocrx_word' id='word_1_116' title='bbox 1504 1143 1574 1167; x_wconf 90' lang='lat' dir='ltr'>nec</span> 
     </span>
     <span class='ocr_line' id='line_1_15' title="bbox 236 1198 1123 1248; baseline -0.001 -13"><span class='ocrx_word' id='word_1_117' title='bbox 236 1201 363 1247; x_wconf 90' lang='lat' dir='ltr'>potest</span> <span class='ocrx_word' id='word_1_118' title='bbox 383 1199 479 1235; x_wconf 85' lang='lat' dir='ltr'>mori</span> <span class='ocrx_word' id='word_1_119' title='bbox 499 1198 745 1248; x_wconf 86' lang='lat' dir='ltr'>corporaliter</span> <span class='ocrx_word' id='word_1_120' title='bbox 763 1211 833 1235; x_wconf 87' lang='lat' dir='ltr'>nec</span> <span class='ocrx_word' id='word_1_121' title='bbox 854 1198 1123 1246; x_wconf 83' lang='lat' dir='ltr'>spiritualiter.</span> 
     </span>
    </p>
   </div>
   <div class='ocr_carea' id='block_1_6' title="bbox 289 1269 1859 1320">
    <p class='ocr_par' dir='ltr' id='par_1_7' title="bbox 289 1269 1859 1320">
     <span class='ocr_line' id='line_1_16' title="bbox 289 1269 1859 1320; baseline 0.001 -14"><span class='ocrx_word' id='word_1_122' title='bbox 289 1270 341 1307; x_wconf 90' lang='lat' dir='ltr'>Et</span> <span class='ocrx_word' id='word_1_123' title='bbox 361 1271 393 1307; x_wconf 91' lang='lat' dir='ltr'>si</span> <span class='ocrx_word' id='word_1_124' title='bbox 412 1271 577 1308; x_wconf 87' lang='lat' dir='ltr'>obicitur</span> <span class='ocrx_word' id='word_1_125' title='bbox 602 1271 705 1320; x_wconf 86' lang='lat' dir='ltr'>quod</span> <span class='ocrx_word' id='word_1_126' title='bbox 729 1269 793 1307; x_wconf 93' lang='lat' dir='ltr'>hic</span> <span class='ocrx_word' id='word_1_127' title='bbox 818 1270 1038 1318; x_wconf 86' lang='lat' dir='ltr'>predicatur</span> <span class='ocrx_word' id='word_1_128' title='bbox 1067 1269 1285 1318; x_wconf 86' lang='lat' dir='ltr'>oppositum</span> <span class='ocrx_word' id='word_1_129' title='bbox 1307 1270 1353 1307; x_wconf 91' lang='lat' dir='ltr'>de</span> <span class='ocrx_word' id='word_1_130' title='bbox 1377 1270 1574 1318; x_wconf 83' lang='lat' dir='ltr'>opposit03</span> <span class='ocrx_word' id='word_1_131' title='bbox 1593 1273 1657 1298; x_wconf 84' lang='lat' dir='ltr'>And</span> <span class='ocrx_word' id='word_1_132' title='bbox 1676 1273 1756 1299; x_wconf 83' lang='lat' dir='ltr'>there</span> <span class='ocrx_word' id='word_1_133' title='bbox 1775 1273 1798 1298; x_wconf 71' lang='lat'>1⁵</span> <span class='ocrx_word' id='word_1_134' title='bbox 1823 1281 1859 1299; x_wconf 81' lang='lat'>¹¹0</span> 
     </span>
    </p>
   </div>
   <div class='ocr_carea' id='block_1_7' title="bbox 86 1407 1578 2559">
    <p class='ocr_par' dir='ltr' id='par_1_8' title="bbox 236 1407 1577 1583">
     <span class='ocr_line' id='line_1_17' title="bbox 237 1407 1577 1457; baseline 0.001 -13"><span class='ocrx_word' id='word_1_135' title='bbox 237 1409 339 1457; x_wconf 90' lang='lat' dir='ltr'>quod</span> <span class='ocrx_word' id='word_1_136' title='bbox 367 1422 502 1445; x_wconf 82' lang='lat' dir='ltr'>verum</span> <span class='ocrx_word' id='word_1_137' title='bbox 531 1411 600 1446; x_wconf 87' lang='lat' dir='ltr'>est.</span> <span class='ocrx_word' id='word_1_138' title='bbox 669 1408 762 1445; x_wconf 86' lang='lat' dir='ltr'>Ideo</span> <span class='ocrx_word' id='word_1_139' title='bbox 789 1407 982 1445; x_wconf 81' lang='lat' dir='ltr'>conclusio</span> <span class='ocrx_word' id='word_1_140' title='bbox 1011 1410 1068 1444; x_wconf 85' lang='lat' dir='ltr'>est</span> <span class='ocrx_word' id='word_1_141' title='bbox 1093 1407 1352 1456; x_wconf 87' lang='lat' dir='ltr'>impossibilis.</span> <span class='ocrx_word' id='word_1_142' title='bbox 1408 1408 1490 1445; x_wconf 88' lang='lat' dir='ltr'>Nec</span> <span class='ocrx_word' id='word_1_143' title='bbox 1518 1410 1577 1445; x_wconf 90' lang='lat' dir='ltr'>est</span> 
     </span>
     <span class='ocr_line' id='line_1_18' title="bbox 237 1476 1576 1526; baseline 0 -13"><span class='ocrx_word' id='word_1_144' title='bbox 237 1477 339 1514; x_wconf 91' lang='lat' dir='ltr'>color</span> <span class='ocrx_word' id='word_1_145' title='bbox 368 1477 409 1514; x_wconf 92' lang='lat' dir='ltr'>in</span> <span class='ocrx_word' id='word_1_146' title='bbox 440 1477 513 1514; x_wconf 90' lang='lat' dir='ltr'>isto</span> <span class='ocrx_word' id='word_1_147' title='bbox 550 1476 802 1526; x_wconf 85' lang='lat' dir='ltr'>paralogismo</span> <span class='ocrx_word' id='word_1_148' title='bbox 821 1489 976 1524; x_wconf 75' lang='lat' dir='ltr'>z—ergo</span> <span class='ocrx_word' id='word_1_149' title='bbox 1008 1476 1121 1512; x_wconf 89' lang='lat' dir='ltr'>homo</span> <span class='ocrx_word' id='word_1_150' title='bbox 1158 1476 1332 1513; x_wconf 88' lang='lat' dir='ltr'>mortalis</span> <span class='ocrx_word' id='word_1_151' title='bbox 1370 1479 1427 1514; x_wconf 89' lang='lat' dir='ltr'>est</span> <span class='ocrx_word' id='word_1_152' title='bbox 1463 1477 1576 1513; x_wconf 89' lang='lat' dir='ltr'>homo</span> 
     </span>
     <span class='ocr_line' id='line_1_19' title="bbox 236 1544 1577 1583; baseline 0 -1"><span class='ocrx_word' id='word_1_153' title='bbox 236 1545 463 1583; x_wconf 84' lang='lat' dir='ltr'>immortalis</span> <span class='ocrx_word' id='word_1_154' title='bbox 483 1546 624 1583; x_wconf 89' lang='lat' dir='ltr'>—iste</span> <span class='ocrx_word' id='word_1_155' title='bbox 668 1546 780 1582; x_wconf 89' lang='lat' dir='ltr'>homo</span> <span class='ocrx_word' id='word_1_156' title='bbox 824 1544 1014 1581; x_wconf 88' lang='lat' dir='ltr'>Dominus</span> <span class='ocrx_word' id='word_1_157' title='bbox 1060 1544 1171 1581; x_wconf 87' lang='lat' dir='ltr'>Iesus</span> <span class='ocrx_word' id='word_1_158' title='bbox 1218 1547 1276 1581; x_wconf 90' lang='lat' dir='ltr'>est</span> <span class='ocrx_word' id='word_1_159' title='bbox 1320 1558 1423 1582; x_wconf 90' lang='lat' dir='ltr'>nunc</span> <span class='ocrx_word' id='word_1_160' title='bbox 1464 1546 1577 1582; x_wconf 87' lang='lat' dir='ltr'>homo</span> 
     </span>
    </p>

    <p class='ocr_par' dir='ltr' id='par_1_9' title="bbox 86 1613 1578 2352">
     <span class='ocr_line' id='line_1_20' title="bbox 86 1613 1575 1662; baseline 0.002 -14"><span class='ocrx_word' id='word_1_161' title='bbox 86 1617 124 1660; x_wconf 86' lang='lat' dir='ltr'>[c</span> <span class='ocrx_word' id='word_1_162' title='bbox 138 1617 216 1660; x_wconf 88' lang='lat' dir='ltr'>51b]</span> <span class='ocrx_word' id='word_1_163' title='bbox 237 1615 421 1660; x_wconf 89' lang='lat' dir='ltr'>mortalis,</span> <span class='ocrx_word' id='word_1_164' title='bbox 450 1616 454 1662; x_wconf 86' lang='grc' dir='ltr'>Ι</span> <span class='ocrx_word' id='word_1_165' title='bbox 480 1617 519 1652; x_wconf 91' lang='lat' dir='ltr'>et</span> <span class='ocrx_word' id='word_1_166' title='bbox 540 1615 613 1652; x_wconf 89' lang='lat' dir='ltr'>iste</span> <span class='ocrx_word' id='word_1_167' title='bbox 640 1614 743 1651; x_wconf 90' lang='lat' dir='ltr'>idem</span> <span class='ocrx_word' id='word_1_168' title='bbox 769 1614 883 1650; x_wconf 87' lang='lat' dir='ltr'>homo</span> <span class='ocrx_word' id='word_1_169' title='bbox 912 1616 970 1650; x_wconf 87' lang='lat' dir='ltr'>est</span> <span class='ocrx_word' id='word_1_170' title='bbox 997 1626 1101 1650; x_wconf 89' lang='lat' dir='ltr'>nunc</span> <span class='ocrx_word' id='word_1_171' title='bbox 1127 1614 1240 1650; x_wconf 92' lang='lat' dir='ltr'>homo</span> <span class='ocrx_word' id='word_1_172' title='bbox 1268 1613 1498 1652; x_wconf 90' lang='lat' dir='ltr'>immortalis</span> <span class='ocrx_word' id='word_1_173' title='bbox 1514 1630 1575 1662; x_wconf 82' lang='lat'>3—-</span> 
     </span>
     <span class='ocr_line' id='line_1_21' title="bbox 237 1682 1578 1733; baseline 0 -12"><span class='ocrx_word' id='word_1_174' title='bbox 237 1684 325 1721; x_wconf 91' lang='lat' dir='ltr'>Non</span> <span class='ocrx_word' id='word_1_175' title='bbox 371 1683 473 1721; x_wconf 87' lang='lat' dir='ltr'>enim</span> <span class='ocrx_word' id='word_1_176' title='bbox 520 1683 707 1733; x_wconf 87' lang='lat' dir='ltr'>sequitur,</span> <span class='ocrx_word' id='word_1_177' title='bbox 753 1682 784 1720; x_wconf 87' lang='lat' dir='ltr'>si</span> <span class='ocrx_word' id='word_1_178' title='bbox 829 1695 990 1731; x_wconf 88' lang='lat' dir='ltr'>persona</span> <span class='ocrx_word' id='word_1_179' title='bbox 1037 1695 1112 1731; x_wconf 86' lang='lat' dir='ltr'>que</span> <span class='ocrx_word' id='word_1_180' title='bbox 1167 1685 1225 1719; x_wconf 89' lang='lat' dir='ltr'>est</span> <span class='ocrx_word' id='word_1_181' title='bbox 1279 1696 1480 1721; x_wconf 89' lang='lat' dir='ltr'>commune</span> <span class='ocrx_word' id='word_1_182' title='bbox 1530 1684 1578 1721; x_wconf 87' lang='lat' dir='ltr'>ad</span> 
     </span>
     <span class='ocr_line' id='line_1_22' title="bbox 168 1751 1577 1800; baseline -0.001 -10"><span class='ocrx_word' id='word_1_183' title='bbox 168 1759 217 1793; x_wconf 83' lang='lat'>20</span> <span class='ocrx_word' id='word_1_184' title='bbox 237 1754 365 1790; x_wconf 79' lang='lat' dir='ltr'>ambas</span> <span class='ocrx_word' id='word_1_185' title='bbox 392 1755 550 1790; x_wconf 85' lang='lat' dir='ltr'>naturas</span> <span class='ocrx_word' id='word_1_186' title='bbox 579 1753 666 1789; x_wconf 87' lang='lat' dir='ltr'>illas</span> <span class='ocrx_word' id='word_1_187' title='bbox 694 1753 751 1789; x_wconf 91' lang='lat' dir='ltr'>est</span> <span class='ocrx_word' id='word_1_188' title='bbox 783 1753 950 1800; x_wconf 82' lang='lat' dir='ltr'>utraque</span> <span class='ocrx_word' id='word_1_189' title='bbox 978 1751 1147 1798; x_wconf 86' lang='lat' dir='ltr'>illarum,</span> <span class='ocrx_word' id='word_1_190' title='bbox 1180 1751 1283 1800; x_wconf 86' lang='lat' dir='ltr'>quod</span> <span class='ocrx_word' id='word_1_191' title='bbox 1312 1765 1362 1789; x_wconf 84' lang='lat' dir='ltr'>ex</span> <span class='ocrx_word' id='word_1_192' title='bbox 1394 1752 1467 1789; x_wconf 90' lang='lat' dir='ltr'>hoc</span> <span class='ocrx_word' id='word_1_193' title='bbox 1499 1765 1577 1789; x_wconf 85' lang='lat' dir='ltr'>una</span> 
     </span>
     <span class='ocr_line' id='line_1_23' title="bbox 242 1819 1577 1870; baseline 0 -12"><span class='ocrx_word' id='word_1_194' title='bbox 242 1821 293 1859; x_wconf 92' lang='lat' dir='ltr'>sit</span> <span class='ocrx_word' id='word_1_195' title='bbox 312 1821 483 1870; x_wconf 81' lang='lat' dir='ltr'>reliqua3</span> <span class='ocrx_word' id='word_1_196' title='bbox 516 1820 615 1858; x_wconf 90' lang='lat' dir='ltr'>sicut</span> <span class='ocrx_word' id='word_1_197' title='bbox 634 1833 711 1856; x_wconf 90' lang='lat' dir='ltr'>non</span> <span class='ocrx_word' id='word_1_198' title='bbox 731 1821 892 1869; x_wconf 88' lang='lat' dir='ltr'>oportet,</span> <span class='ocrx_word' id='word_1_199' title='bbox 915 1819 1008 1856; x_wconf 88' lang='lat' dir='ltr'>licet</span> <span class='ocrx_word' id='word_1_200' title='bbox 1026 1822 1178 1856; x_wconf 86' lang='lat' dir='ltr'>tanturn</span> <span class='ocrx_word' id='word_1_201' title='bbox 1199 1819 1249 1856; x_wconf 91' lang='lat' dir='ltr'>sit</span> <span class='ocrx_word' id='word_1_202' title='bbox 1274 1832 1376 1856; x_wconf 88' lang='lat' dir='ltr'>unus</span> <span class='ocrx_word' id='word_1_203' title='bbox 1403 1820 1508 1857; x_wconf 86' lang='lat' dir='ltr'>Deus</span> <span class='ocrx_word' id='word_1_204' title='bbox 1537 1823 1577 1858; x_wconf 83' lang='lat' dir='ltr'>et</span> 
     </span>
     <span class='ocr_line' id='line_1_24' title="bbox 240 1887 1572 1938; baseline -0.002 -11"><span class='ocrx_word' id='word_1_205' title='bbox 240 1890 308 1928; x_wconf 89' lang='lat' dir='ltr'>ille</span> <span class='ocrx_word' id='word_1_206' title='bbox 338 1890 388 1927; x_wconf 88' lang='lat' dir='ltr'>sit</span> <span class='ocrx_word' id='word_1_207' title='bbox 416 1889 661 1938; x_wconf 82' lang='lat' dir='ltr'>copulative⁹</span> <span class='ocrx_word' id='word_1_208' title='bbox 680 1891 760 1926; x_wconf 89' lang='lat' dir='ltr'>tam</span> <span class='ocrx_word' id='word_1_209' title='bbox 785 1888 891 1925; x_wconf 89' lang='lat' dir='ltr'>Deus</span> <span class='ocrx_word' id='word_1_210' title='bbox 921 1887 1073 1935; x_wconf 79' lang='lat' dir='ltr'>genitus</span> <span class='ocrx_word' id='word_1_211' title='bbox 1102 1901 1218 1937; x_wconf 88' lang='lat' dir='ltr'>quam</span> <span class='ocrx_word' id='word_1_212' title='bbox 1238 1888 1343 1925; x_wconf 89' lang='lat' dir='ltr'>Deus</span> <span class='ocrx_word' id='word_1_213' title='bbox 1362 1888 1572 1936; x_wconf 85' lang='lat' dir='ltr'>ingenitus,</span> 
     </span>
     <span class='ocr_line' id='line_1_25' title="bbox 237 1956 1576 2009; baseline -0.001 -13"><span class='ocrx_word' id='word_1_214' title='bbox 237 1959 329 2009; x_wconf 84' lang='lat' dir='ltr'>quia</span> <span class='ocrx_word' id='word_1_215' title='bbox 355 1961 434 1996; x_wconf 87' lang='lat' dir='ltr'>tam</span> <span class='ocrx_word' id='word_1_216' title='bbox 463 1959 578 1995; x_wconf 86' lang='lat' dir='ltr'>Pater</span> <span class='ocrx_word' id='word_1_217' title='bbox 606 1971 722 2007; x_wconf 88' lang='lat' dir='ltr'>quam</span> <span class='ocrx_word' id='word_1_218' title='bbox 749 1956 886 2003; x_wconf 88' lang='lat' dir='ltr'>Filius,</span> <span class='ocrx_word' id='word_1_219' title='bbox 920 1957 1023 2006; x_wconf 83' lang='lat' dir='ltr'>quod</span> <span class='ocrx_word' id='word_1_220' title='bbox 1051 1956 1190 1993; x_wconf 77' lang='lat' dir='ltr'>exinde</span> <span class='ocrx_word' id='word_1_221' title='bbox 1219 1957 1336 1993; x_wconf 86' lang='lat' dir='ltr'>Pater</span> <span class='ocrx_word' id='word_1_222' title='bbox 1368 1957 1418 1994; x_wconf 90' lang='lat' dir='ltr'>sit</span> <span class='ocrx_word' id='word_1_223' title='bbox 1449 1957 1576 1994; x_wconf 85' lang='lat' dir='ltr'>Filius</span> 
     </span>
     <span class='ocr_line' id='line_1_26' title="bbox 234 2025 1575 2075; baseline -0.001 -10"><span class='ocrx_word' id='word_1_224' title='bbox 234 2029 298 2066; x_wconf 80' lang='lat' dir='ltr'>vel</span> <span class='ocrx_word' id='word_1_225' title='bbox 330 2028 435 2065; x_wconf 90' lang='lat' dir='ltr'>Deus</span> <span class='ocrx_word' id='word_1_226' title='bbox 468 2027 622 2075; x_wconf 80' lang='lat' dir='ltr'>genitus</span> <span class='ocrx_word' id='word_1_227' title='bbox 651 2026 701 2064; x_wconf 92' lang='lat' dir='ltr'>sit</span> <span class='ocrx_word' id='word_1_228' title='bbox 733 2026 840 2063; x_wconf 86' lang='lat' dir='ltr'>Deus</span> <span class='ocrx_word' id='word_1_229' title='bbox 872 2025 1081 2073; x_wconf 86' lang='lat' dir='ltr'>ingenitus,</span> <span class='ocrx_word' id='word_1_230' title='bbox 1106 2025 1208 2074; x_wconf 89' lang='lat' dir='ltr'>quod</span> <span class='ocrx_word' id='word_1_231' title='bbox 1237 2028 1295 2062; x_wconf 88' lang='lat' dir='ltr'>est</span> <span class='ocrx_word' id='word_1_232' title='bbox 1322 2025 1435 2063; x_wconf 91' lang='lat' dir='ltr'>idem.</span> <span class='ocrx_word' id='word_1_233' title='bbox 1493 2026 1575 2063; x_wconf 88' lang='lat' dir='ltr'>Nec</span> 
     </span>
     <span class='ocr_line' id='line_1_27' title="bbox 166 2093 1575 2146; baseline -0.003 -12"><span class='ocrx_word' id='word_1_234' title='bbox 166 2105 214 2139; x_wconf 81' lang='grc'>25</span> <span class='ocrx_word' id='word_1_235' title='bbox 236 2097 422 2146; x_wconf 82' lang='lat' dir='ltr'>sequitur,</span> <span class='ocrx_word' id='word_1_236' title='bbox 460 2096 491 2133; x_wconf 85' lang='lat' dir='ltr'>si</span> <span class='ocrx_word' id='word_1_237' title='bbox 520 2096 659 2132; x_wconf 87' lang='lat' dir='ltr'>Petrus</span> <span class='ocrx_word' id='word_1_238' title='bbox 693 2094 842 2143; x_wconf 88' lang='lat' dir='ltr'>sapiens</span> <span class='ocrx_word' id='word_1_239' title='bbox 874 2096 912 2131; x_wconf 87' lang='lat' dir='ltr'>et</span> <span class='ocrx_word' id='word_1_240' title='bbox 947 2094 1117 2131; x_wconf 85' lang='lat' dir='ltr'>salvatus</span> <span class='ocrx_word' id='word_1_241' title='bbox 1151 2093 1201 2131; x_wconf 86' lang='lat' dir='ltr'>sit</span> <span class='ocrx_word' id='word_1_242' title='bbox 1230 2097 1369 2131; x_wconf 84' lang='lat' dir='ltr'>natura</span> <span class='ocrx_word' id='word_1_243' title='bbox 1405 2094 1575 2131; x_wconf 84' lang='lat' dir='ltr'>humana</span> 
     </span>
     <span class='ocr_line' id='line_1_28' title="bbox 235 2162 1575 2214; baseline -0.002 -11"><span class='ocrx_word' id='word_1_244' title='bbox 235 2166 422 2214; x_wconf 84' lang='lat' dir='ltr'>specifica,</span> <span class='ocrx_word' id='word_1_245' title='bbox 446 2167 485 2202; x_wconf 91' lang='lat' dir='ltr'>et</span> <span class='ocrx_word' id='word_1_246' title='bbox 513 2164 657 2201; x_wconf 88' lang='lat' dir='ltr'>Paulus</span> <span class='ocrx_word' id='word_1_247' title='bbox 684 2163 870 2211; x_wconf 86' lang='lat' dir='ltr'>insipiens</span> <span class='ocrx_word' id='word_1_248' title='bbox 899 2164 938 2200; x_wconf 91' lang='lat' dir='ltr'>et</span> <span class='ocrx_word' id='word_1_249' title='bbox 961 2163 1191 2211; x_wconf 88' lang='lat' dir='ltr'>dampnatus</span> <span class='ocrx_word' id='word_1_250' title='bbox 1212 2162 1263 2199; x_wconf 90' lang='lat' dir='ltr'>sit</span> <span class='ocrx_word' id='word_1_251' title='bbox 1282 2163 1415 2199; x_wconf 85' lang='lat' dir='ltr'>eadem</span> <span class='ocrx_word' id='word_1_252' title='bbox 1433 2165 1575 2200; x_wconf 85' lang='lat' dir='ltr'>natura</span> 
     </span>
     <span class='ocr_line' id='line_1_29' title="bbox 234 2231 1574 2284; baseline -0.004 -12"><span class='ocrx_word' id='word_1_253' title='bbox 234 2234 420 2284; x_wconf 83' lang='lat' dir='ltr'>specifica,</span> <span class='ocrx_word' id='word_1_254' title='bbox 461 2234 565 2282; x_wconf 88' lang='lat' dir='ltr'>quod</span> <span class='ocrx_word' id='word_1_255' title='bbox 602 2234 740 2270; x_wconf 89' lang='lat' dir='ltr'>Petrus</span> <span class='ocrx_word' id='word_1_256' title='bbox 778 2232 928 2280; x_wconf 82' lang='lat' dir='ltr'>sapiens</span> <span class='ocrx_word' id='word_1_257' title='bbox 962 2234 1001 2269; x_wconf 90' lang='lat' dir='ltr'>et</span> <span class='ocrx_word' id='word_1_258' title='bbox 1033 2232 1205 2268; x_wconf 89' lang='lat' dir='ltr'>salvatus</span> <span class='ocrx_word' id='word_1_259' title='bbox 1243 2231 1294 2268; x_wconf 91' lang='lat' dir='ltr'>sit</span> <span class='ocrx_word' id='word_1_260' title='bbox 1330 2231 1477 2268; x_wconf 87' lang='lat' dir='ltr'>Paulus</span> <span class='ocrx_word' id='word_1_261' title='bbox 1514 2231 1574 2268; x_wconf 90' lang='lat' dir='ltr'>in-</span> 
     </span>
     <span class='ocr_line' id='line_1_30' title="bbox 233 2299 1574 2352; baseline -0.004 -12"><span class='ocrx_word' id='word_1_262' title='bbox 233 2303 375 2352; x_wconf 88' lang='lat' dir='ltr'>sipiens</span> <span class='ocrx_word' id='word_1_263' title='bbox 388 2304 413 2323; x_wconf 86' lang='lat'>¹⁰</span> <span class='ocrx_word' id='word_1_264' title='bbox 433 2306 472 2340; x_wconf 88' lang='lat' dir='ltr'>et</span> <span class='ocrx_word' id='word_1_265' title='bbox 491 2303 733 2350; x_wconf 84' lang='lat' dir='ltr'>dampnatus.</span> <span class='ocrx_word' id='word_1_266' title='bbox 790 2301 843 2338; x_wconf 87' lang='lat' dir='ltr'>Et</span> <span class='ocrx_word' id='word_1_267' title='bbox 862 2302 971 2349; x_wconf 83' lang='lat' dir='ltr'>patet</span> <span class='ocrx_word' id='word_1_268' title='bbox 994 2300 1019 2319; x_wconf 77' lang='lat'>¹¹</span> <span class='ocrx_word' id='word_1_269' title='bbox 1033 2313 1083 2337; x_wconf 81' lang='lat' dir='ltr'>ex</span> <span class='ocrx_word' id='word_1_270' title='bbox 1103 2299 1221 2336; x_wconf 91' lang='lat' dir='ltr'>simili</span> <span class='ocrx_word' id='word_1_271' title='bbox 1241 2300 1352 2336; x_wconf 90' lang='lat' dir='ltr'>modo</span> <span class='ocrx_word' id='word_1_272' title='bbox 1369 2299 1392 2319; x_wconf 82' lang='lat'>¹¹</span> <span class='ocrx_word' id='word_1_273' title='bbox 1413 2299 1574 2336; x_wconf 88' lang='lat' dir='ltr'>nutritis</span> 
     </span>
    </p>

    <p class='ocr_par' dir='ltr' id='par_1_10' title="bbox 167 2368 1574 2559">
     <span class='ocr_line' id='line_1_31' title="bbox 232 2368 1574 2420; baseline -0.003 -11"><span class='ocrx_word' id='word_1_274' title='bbox 232 2372 274 2409; x_wconf 90' lang='lat' dir='ltr'>in</span> <span class='ocrx_word' id='word_1_275' title='bbox 302 2372 418 2409; x_wconf 89' lang='lat' dir='ltr'>rectis</span> <span class='ocrx_word' id='word_1_276' title='bbox 449 2370 661 2420; x_wconf 85' lang='lat' dir='ltr'>principiis.</span> <span class='ocrx_word' id='word_1_277' title='bbox 738 2369 848 2407; x_wconf 79' lang='lat' dir='ltr'>Sicut</span> <span class='ocrx_word' id='word_1_278' title='bbox 880 2369 983 2406; x_wconf 90' lang='lat' dir='ltr'>enim</span> <span class='ocrx_word' id='word_1_279' title='bbox 1012 2372 1152 2406; x_wconf 87' lang='lat' dir='ltr'>natura</span> <span class='ocrx_word' id='word_1_280' title='bbox 1189 2368 1321 2405; x_wconf 76' lang='lat' dir='ltr'>divina</span> <span class='ocrx_word' id='word_1_281' title='bbox 1358 2370 1416 2406; x_wconf 89' lang='lat' dir='ltr'>est</span> <span class='ocrx_word' id='word_1_282' title='bbox 1453 2368 1574 2405; x_wconf 90' lang='lat' dir='ltr'>trium</span> 
     </span>
     <span class='ocr_line' id='line_1_32' title="bbox 167 2437 1573 2489; baseline -0.003 -12"><span class='ocrx_word' id='word_1_283' title='bbox 167 2450 214 2484; x_wconf 88' lang='lat'>30</span> <span class='ocrx_word' id='word_1_284' title='bbox 232 2453 479 2489; x_wconf 88' lang='lat' dir='ltr'>personarum</span> <span class='ocrx_word' id='word_1_285' title='bbox 499 2439 681 2489; x_wconf 82' lang='lat' dir='ltr'>quelibet,</span> <span class='ocrx_word' id='word_1_286' title='bbox 701 2441 740 2475; x_wconf 93' lang='lat' dir='ltr'>et</span> <span class='ocrx_word' id='word_1_287' title='bbox 760 2438 904 2487; x_wconf 87' lang='lat' dir='ltr'>species</span> <span class='ocrx_word' id='word_1_288' title='bbox 922 2438 1092 2474; x_wconf 84' lang='lat' dir='ltr'>humana</span> <span class='ocrx_word' id='word_1_289' title='bbox 1106 2450 1355 2486; x_wconf 83' lang='lat' dir='ltr'>personarum</span> <span class='ocrx_word' id='word_1_290' title='bbox 1372 2437 1573 2474; x_wconf 89' lang='lat' dir='ltr'>hominum</span> 
     </span>
     <span class='ocr_line' id='line_1_33' title="bbox 234 2505 1571 2559; baseline -0.003 -13"><span class='ocrx_word' id='word_1_291' title='bbox 234 2509 435 2559; x_wconf 81' lang='lat' dir='ltr'>quelibet3</span> <span class='ocrx_word' id='word_1_292' title='bbox 479 2511 676 2546; x_wconf 89' lang='lat' dir='ltr'>ettamen</span> <span class='ocrx_word' id='word_1_293' title='bbox 705 2509 860 2544; x_wconf 91' lang='lat' dir='ltr'>tantum</span> <span class='ocrx_word' id='word_1_294' title='bbox 907 2508 966 2543; x_wconf 92' lang='lat' dir='ltr'>est</span> <span class='ocrx_word' id='word_1_295' title='bbox 1006 2518 1084 2542; x_wconf 87' lang='lat' dir='ltr'>una</span> <span class='ocrx_word' id='word_1_296' title='bbox 1127 2508 1267 2543; x_wconf 88' lang='lat' dir='ltr'>natura</span> <span class='ocrx_word' id='word_1_297' title='bbox 1313 2505 1445 2543; x_wconf 82' lang='lat' dir='ltr'>divina</span> <span class='ocrx_word' id='word_1_298' title='bbox 1492 2506 1571 2543; x_wconf 77' lang='lat' dir='ltr'>sive</span> 
     </span>
    </p>
   </div>
   <div class='ocr_carea' id='block_1_8' title="bbox 172 1307 1858 1388">
    <p class='ocr_par' dir='ltr' id='par_1_11' title="bbox 172 1307 1858 1388">
     <span class='ocr_line' id='line_1_34' title="bbox 1593 1307 1858 1333; baseline 0.008 -2"><span class='ocrx_word' id='word_1_299' title='bbox 1593 1307 1651 1331; x_wconf 85' lang='lat' dir='ltr'>real</span> <span class='ocrx_word' id='word_1_300' title='bbox 1700 1307 1858 1333; x_wconf 81' lang='lat' dir='ltr'>contradic-</span> 
     </span>
     <span class='ocr_line' id='line_1_35' title="bbox 172 1338 1743 1388; baseline -0.001 -11"><span class='ocrx_word' id='word_1_301' title='bbox 172 1344 217 1378; x_wconf 89' lang='grc'>15</span> <span class='ocrx_word' id='word_1_302' title='bbox 236 1339 349 1376; x_wconf 86' lang='lat' dir='ltr'>homo</span> <span class='ocrx_word' id='word_1_303' title='bbox 369 1340 541 1376; x_wconf 87' lang='lat' dir='ltr'>mortalis</span> <span class='ocrx_word' id='word_1_304' title='bbox 560 1353 627 1388; x_wconf 92' lang='lat' dir='ltr'>pro</span> <span class='ocrx_word' id='word_1_305' title='bbox 647 1339 719 1376; x_wconf 91' lang='lat' dir='ltr'>hoc</span> <span class='ocrx_word' id='word_1_306' title='bbox 739 1338 925 1376; x_wconf 75' lang='lat' dir='ltr'>instanti⁸</span> <span class='ocrx_word' id='word_1_307' title='bbox 946 1341 1003 1375; x_wconf 89' lang='lat' dir='ltr'>est</span> <span class='ocrx_word' id='word_1_308' title='bbox 1026 1339 1138 1375; x_wconf 88' lang='lat' dir='ltr'>homo</span> <span class='ocrx_word' id='word_1_309' title='bbox 1159 1338 1411 1386; x_wconf 84' lang='lat' dir='ltr'>immortalis3</span> <span class='ocrx_word' id='word_1_310' title='bbox 1433 1338 1577 1376; x_wconf 89' lang='lat' dir='ltr'>dicitur</span> <span class='ocrx_word' id='word_1_311' title='bbox 1593 1340 1654 1365; x_wconf 76' lang='lat' dir='ltr'>tion</span> <span class='ocrx_word' id='word_1_312' title='bbox 1666 1339 1743 1366; x_wconf 82' lang='lat' dir='ltr'>here.</span> 
     </span>
    </p>
   </div>
   <div class='ocr_carea' id='block_1_9' title="bbox 290 2663 1814 2794">
    <p class='ocr_par' dir='ltr' id='par_1_12' title="bbox 290 2663 1814 2794">
     <span class='ocr_line' id='line_1_36' title="bbox 290 2663 1806 2705; baseline -0.002 -7"><span class='ocrx_word' id='word_1_313' title='bbox 290 2668 301 2687; x_wconf 78' lang='lat'>1</span> <span class='ocrx_word' id='word_1_314' title='bbox 325 2667 417 2698; x_wconf 89' lang='lat' dir='ltr'>modo</span> <span class='ocrx_word' id='word_1_315' title='bbox 434 2678 488 2699; x_wconf 83' lang='lat' dir='ltr'>om.</span> <span class='ocrx_word' id='word_1_316' title='bbox 508 2666 544 2698; x_wconf 83' lang='lat' dir='ltr'>C.</span> <span class='ocrx_word' id='word_1_317' title='bbox 665 2665 678 2685; x_wconf 83' lang='lat'><strong>²</strong></span> <span class='ocrx_word' id='word_1_318' title='bbox 703 2667 749 2696; x_wconf 86' lang='lat' dir='ltr'>est</span> <span class='ocrx_word' id='word_1_319' title='bbox 765 2676 821 2696; x_wconf 84' lang='lat' dir='ltr'>om.</span> <span class='ocrx_word' id='word_1_320' title='bbox 840 2664 917 2696; x_wconf 91' lang='lat' dir='ltr'>AB.</span> <span class='ocrx_word' id='word_1_321' title='bbox 1052 2663 1064 2683; x_wconf 83' lang='grc'>3</span> <span class='ocrx_word' id='word_1_322' title='bbox 1088 2663 1217 2705; x_wconf 81' lang='lat' dir='ltr'>gnignit</span> <span class='ocrx_word' id='word_1_323' title='bbox 1235 2663 1273 2702; x_wconf 75' lang='lat' dir='ltr'>O⁴</span> <span class='ocrx_word' id='word_1_324' title='bbox 1558 2663 1571 2683; x_wconf 75' lang='lat'>4</span> <span class='ocrx_word' id='word_1_325' title='bbox 1595 2664 1635 2695; x_wconf 85' lang='lat' dir='ltr'>sit</span> <span class='ocrx_word' id='word_1_326' title='bbox 1651 2675 1708 2695; x_wconf 88' lang='lat' dir='ltr'>om.</span> <span class='ocrx_word' id='word_1_327' title='bbox 1729 2665 1755 2695; x_wconf 92' lang='lat' dir='ltr'>A</span> <span class='ocrx_word' id='word_1_328' title='bbox 1768 2664 1806 2695; x_wconf 92' lang='lat' dir='ltr'>B.</span> 
     </span>
     <span class='ocr_line' id='line_1_37' title="bbox 291 2705 1803 2750; baseline -0.002 -9"><span class='ocrx_word' id='word_1_329' title='bbox 291 2710 303 2730; x_wconf 87' lang='lat'><strong>⁵</strong></span> <span class='ocrx_word' id='word_1_330' title='bbox 327 2709 495 2741; x_wconf 79' lang='lat' dir='ltr'>secundam</span> <span class='ocrx_word' id='word_1_331' title='bbox 511 2708 742 2750; x_wconf 76' lang='lat' dir='ltr'>exposicionem</span> <span class='ocrx_word' id='word_1_332' title='bbox 761 2708 797 2738; x_wconf 93' lang='lat' dir='ltr'>O.</span> <span class='ocrx_word' id='word_1_333' title='bbox 1049 2708 1061 2727; x_wconf 81' lang='lat'><strong>⁶</strong></span> <span class='ocrx_word' id='word_1_334' title='bbox 1084 2717 1142 2748; x_wconf 91' lang='lat' dir='ltr'>pro</span> <span class='ocrx_word' id='word_1_335' title='bbox 1158 2707 1214 2737; x_wconf 86' lang='lat' dir='ltr'>illo</span> <span class='ocrx_word' id='word_1_336' title='bbox 1230 2705 1335 2737; x_wconf 82' lang='lat' dir='ltr'>triduo</span> <span class='ocrx_word' id='word_1_337' title='bbox 1352 2717 1410 2737; x_wconf 87' lang='lat' dir='ltr'>om.</span> <span class='ocrx_word' id='word_1_338' title='bbox 1429 2706 1452 2738; x_wconf 83' lang='lat' dir='ltr'>O</span> <span class='ocrx_word' id='word_1_339' title='bbox 1466 2706 1505 2738; x_wconf 92' lang='grc' dir='ltr'>Ο.</span> <span class='ocrx_word' id='word_1_340' title='bbox 1561 2706 1572 2726; x_wconf 85' lang='grc'><strong>7</strong></span> <span class='ocrx_word' id='word_1_341' title='bbox 1600 2707 1674 2738; x_wconf 90' lang='lat' dir='ltr'>Iesu</span> <span class='ocrx_word' id='word_1_342' title='bbox 1690 2708 1718 2737; x_wconf 89' lang='lat' dir='ltr'><strong>A</strong></span> <span class='ocrx_word' id='word_1_343' title='bbox 1730 2707 1756 2737; x_wconf 91' lang='lat' dir='ltr'><strong>B</strong></span> <span class='ocrx_word' id='word_1_344' title='bbox 1770 2707 1803 2739; x_wconf 90' lang='lat' dir='ltr'>C.</span> 
     </span>
     <span class='ocr_line' id='line_1_38' title="bbox 291 2749 1814 2794; baseline -0.002 -11"><span class='ocrx_word' id='word_1_345' title='bbox 291 2753 303 2772; x_wconf 68' lang='grc'>8</span> <span class='ocrx_word' id='word_1_346' title='bbox 327 2763 383 2794; x_wconf 87' lang='lat' dir='ltr'>per</span> <span class='ocrx_word' id='word_1_347' title='bbox 400 2753 459 2783; x_wconf 91' lang='lat' dir='ltr'>hoc</span> <span class='ocrx_word' id='word_1_348' title='bbox 475 2752 598 2782; x_wconf 77' lang='lat' dir='ltr'>instans</span> <span class='ocrx_word' id='word_1_349' title='bbox 614 2752 643 2782; x_wconf 89' lang='lat' dir='ltr'>A</span> <span class='ocrx_word' id='word_1_350' title='bbox 658 2751 683 2781; x_wconf 87' lang='lat' dir='ltr'>B</span> <span class='ocrx_word' id='word_1_351' title='bbox 699 2750 735 2781; x_wconf 86' lang='lat' dir='ltr'>C.</span> <span class='ocrx_word' id='word_1_352' title='bbox 1053 2749 1065 2769; x_wconf 82' lang='lat'>⁹</span> <span class='ocrx_word' id='word_1_353' title='bbox 1090 2749 1236 2791; x_wconf 82' lang='lat' dir='ltr'>copulate</span> <span class='ocrx_word' id='word_1_354' title='bbox 1255 2749 1291 2781; x_wconf 87' lang='lat' dir='ltr'>C.</span> <span class='ocrx_word' id='word_1_355' title='bbox 1555 2749 1581 2769; x_wconf 78' lang='lat'>1⁰</span> <span class='ocrx_word' id='word_1_356' title='bbox 1604 2749 1758 2791; x_wconf 82' lang='lat' dir='ltr'>incipiens</span> <span class='ocrx_word' id='word_1_357' title='bbox 1776 2749 1814 2781; x_wconf 96' lang='lat' dir='ltr'>O.</span> 
     </span>
    </p>
   </div>
   <div class='ocr_carea' id='block_1_10' title="bbox 276 2792 930 2832">
    <p class='ocr_par' dir='ltr' id='par_1_13' title="bbox 276 2792 930 2832">
     <span class='ocr_line' id='line_1_39' title="bbox 276 2792 930 2832; baseline -0.006 -5"><span class='ocrx_word' id='word_1_358' title='bbox 276 2795 350 2818; x_wconf 74' lang='lat'>¹1-11</span> <span class='ocrx_word' id='word_1_359' title='bbox 375 2794 551 2826; x_wconf 77' lang='lat' dir='ltr'>similitudo</span> <span class='ocrx_word' id='word_1_360' title='bbox 568 2795 597 2825; x_wconf 91' lang='lat' dir='ltr'>A</span> <span class='ocrx_word' id='word_1_361' title='bbox 610 2794 636 2824; x_wconf 90' lang='lat' dir='ltr'>B</span> <span class='ocrx_word' id='word_1_362' title='bbox 649 2793 672 2825; x_wconf 87' lang='lat' dir='ltr'>C</span> <span class='ocrx_word' id='word_1_363' title='bbox 688 2804 695 2832; x_wconf 85' lang='lat'>;</span> <span class='ocrx_word' id='word_1_364' title='bbox 722 2803 760 2825; x_wconf 82' lang='lat' dir='ltr'>ex</span> <span class='ocrx_word' id='word_1_365' title='bbox 776 2792 860 2824; x_wconf 79' lang='grc'>5111(10</span> <span class='ocrx_word' id='word_1_366' title='bbox 892 2792 930 2824; x_wconf 94' lang='grc' dir='ltr'>Ο.</span> 
     </span>
    </p>
   </div>
  </div>
 </body>
</html>
