2028 3346
182 242 237 283 36
795 254 1017 282 ,IOHANNIS
1046 254 1216 282 WYcLu?
1651 251 1736 284 [cn.
1750 251 1810 277 111.

184 382 357 440 ἓὲἓὲᾯξὲἓξ
372 380 452 438 “gie
472 372 634 410 tioribus
650 374 660 394 ¹
680 372 898 411 doctoribus
917 372 1000 410 visa
1020 372 1070 410 sit
1088 372 1158 409 illa
1176 373 1189 393 ²
1201 371 1325 420 logica
1354 371 1507 409 subtilis
1527 373 1566 410 et
1589 371 1635 409 de
1664 370 1811 409 virtute

184 446 340 511 2323&er
374 447 452 505 Ball}
472 442 656 479 sermonis
683 442 883 479 verissima
900 442 944 480 ‘?²
1012 441 1087 478 Pro
1117 444 1220 479 certo
1248 454 1317 491 per
1348 440 1451 478 idem
1478 453 1674 490 possemus
1701 439 1811 476 inno-

184 495 191 505 *
333 499 339 511 1

183 513 452 577 gffigbtclggsstffigss
471 511 594 548 vando
614 511 819 548 falsificare
844 510 1091 560 reputacione
1118 512 1245 548 totum
1274 523 1410 559 corpus
1437 510 1580 547 biblie³
1609 509 1812 558 scripture.

183 580 363 638 filht‘sse‘tffr‘gg
372 587 452 646 (11ξὲζῖ
471 583 564 620 Ideo
580 583 740 632 expedit
755 584 904 621 obstare
918 582 1118 632 principiis
1139 583 1144 630 Ι
1165 582 1320 620 erroris*
1335 595 1383 619 ne
1400 595 1503 620 error
1521 580 1813 618 intollerabilis⁵
1832 579 1869 622 [G
1883 579 1964 622 488]

471 654 739 701 consequatur.

185 729 340 788 {3313ss
353 729 453 787 οίξιεῗὶεὲ
523 721 625 758 Item
644 720 759 758 iuxta
779 720 831 758 sic
849 721 1054 770 loquentes
1075 720 1251 770 sequitur
1276 721 1379 770 quod
1399 719 1574 758 Christus
1601 718 1660 756 bis
1687 718 1814 756 factus

182 795 454 854 iciiiffivztffiist’heig
469 789 548 827 fuit
566 790 690 836 homo,
706 790 766 827 bis
789 789 911 827 eciam
939 789 1174 827 incarnatus.
1230 789 1332 826 Nam
1359 789 1477 826 semel
1495 788 1574 825 fuit
1592 787 1814 825 incarnatus

182 862 453 920 Rffizmztiogewg}
471 861 510 896 et
528 858 758 896 humiliatus
772 860 784 879 ⁶
803 858 845 895 in
863 861 973 896 utero
993 858 1156 906 virginis
1178 860 1217 895 et
1235 858 1276 894 in
1295 860 1417 895 morte
1437 857 1574 894 desiit⁷
1595 869 1675 894 esse
1700 857 1814 893 homo

183 929 231 954 the
250 929 451 954 resurrection.
471 930 510 966 et
531 941 626 974 caro,
651 930 690 965 et
709 930 796 977 post
814 940 882 976 pro
902 927 1086 965 instantia
1101 927 1395 964 resurreccionis
1414 926 1560 975 incepit
1579 927 1583 974 1
1602 939 1681 963 6556
1700 926 1814 963 homo
1834 926 1874 970 [Ο
1886 926 1987 969 219ᾱ]

471 1010 696 1046 corporeus:
730 1010 819 1045 ergo
849 996 1052 1034 conclusio.
1121 996 1163 1034 Si
1192 996 1318 1034 enim⁹
1346 997 1459 1033 homo
1487 1009 1555 1044 pro
1584 1008 1815 1045 quacunque

470 1065 619 1103 modica
640 1067 666 1087 ¹⁰
701 1066 852 1102 morula
893 1065 1060 1103 reticens
1096 1067 1182 1114 post
1219 1065 1414 1114 loquelam
1451 1065 1719 1114 reloquatur‚¹¹
1756 1064 1816 1102 bis

472 1134 670 1184 loquitur;
693 1135 816 1172 multo
837 1134 1058 1172 evidencius
1077 1147 1250 1183 persona,
1275 1147 1349 1183 que
1377 1137 1424 1171 33
1447 1134 1557 1171 annis
1571 1135 1596 1154 ¹²
1620 1136 1677 1171 est
1701 1134 1815 1170 homo

472 1206 511 1241 et
530 1207 615 1253 post
635 1217 703 1253 per
717 1204 742 1225 ¹³
761 1203 989 1241 intercisum
1007 1203 1182 1241 triduum
1201 1217 1279 1241 non
1302 1207 1359 1242 est
1377 1204 1490 1241 homo
1511 1217 1554 1241 ac
1581 1203 1701 1241 tercio
1729 1205 1817 1253 post

473 1275 531 1311 est
549 1274 675 1319 homo,
698 1272 758 1310 bis
778 1272 977 1311 evidenter
996 1275 1054 1310 est
1071 1273 1197 1310 homo.

185 1345 421 1403 {Earfrfstrtffiffnss
528 1342 603 1379 Sed
623 1354 859 1391 consequens
878 1341 1035 1379 videtur
1043 1342 1067 1362 ¹⁴
1083 1342 1226 1379 falsum
1245 1341 1496 1391 tripliciter.15
1527 1341 1656 1379 Primo
1677 1354 1726 1379 ex
1744 1342 1816 1379 hoc
1839 1340 1883 1375 15

204 1399 219 1411 ζ,
357 1396 378 1404 r.

187 1413 218 1471 {b
232 1411 456 1470 Ittffissulgbqlffig
475 1411 578 1461 quod
593 1413 687 1449 tunc
702 1410 934 1448 resurreccio
956 1410 1099 1449 Christi
1113 1410 1214 1448 foret
1229 1411 1312 1448 eius
1325 1410 1511 1448 nativitas
1525 1411 1588 1448 vcl
1603 1411 1815 1459 generacio.

187 1478 361 1509 conclusion,
393 1478 456 1503 that

185 1512 231 1537 his
263 1511 456 1536 resurrection

186 1545 243 1570 and
282 1544 359 1570 birth
413 1546 456 1577 (or

188 1578 365 1610 generation)
381 1585 456 1603 were

187 1611 332 1637 identical.

474 1483 527 1521 Et
547 1483 599 1520 sic
621 1482 797 1520 Christus
815 1483 976 1519 haberet
994 1481 1188 1531 triplicem
1206 1482 1453 1520 nativitatem
1474 1484 1513 1519 et
1528 1482 1817 1530 generacionem

474 1551 755 1601 multiplicem:
791 1551 1040 1588 nativitatem
1068 1564 1184 1588 unam
1213 1554 1385 1589 eternam
1407 1553 1447 1589 et
1476 1551 1571 1588 duas
1597 1551 1691 1589 alias
1718 1554 1816 1589 tem-

474 1621 666 1670 Ρ6Υ6165.16
721 1619 823 1657 Nam
857 1619 1056 1667 generacio
1088 1619 1233 1657 Christi
1262 1619 1388 1668 prima
1401 1620 1425 1641 ¹⁷
1451 1619 1492 1657 in
1517 1622 1628 1657 utero
1651 1619 1736 1657 ideo
1760 1622 1818 1658 est

476 1689 675 1739 generacio
708 1689 801 1739 quia
831 1692 889 1726 est
919 1688 1124 1738 produccio
1157 1702 1179 1726 a
1208 1702 1286 1726 non
1324 1702 1404 1726 esse
1433 1688 1629 1726 hominem
1659 1690 1708 1727 ad
1737 1702 1817 1727 esse
1838 1689 1886 1723 20

473 1758 681 1796 hominem.
751 1757 849 1795 Cum
883 1770 972 1806 ergo
1004 1757 1057 1795 sic
1090 1757 1140 1796 sit
1171 1771 1240 1807 pro
1278 1757 1440 1795 instanti
1454 1759 1479 1779 ¹⁹
1511 1757 1815 1803 resurreccionis,

476 1828 653 1877 sequitur
681 1827 784 1877 quod
811 1827 880 1864 illa
909 1827 960 1864 sit
988 1827 1200 1875 generacio,
1230 1830 1268 1864 et
1295 1840 1364 1876 per
1391 1827 1493 1864 idem
1520 1827 1706 1865 nativitas
1731 1841 1781 1865 ex
1794 1828 1819 1849 ¹⁹

476 1897 662 1947 sepulcro,
687 1896 787 1933 sicut
814 1896 914 1933 foret
936 1895 1061 1945 posito
1087 1896 1190 1945 quod
1217 1909 1346 1933 semen
1371 1895 1533 1945 virginis
1559 1899 1657 1934 esset
1683 1910 1753 1946 per
1781 1909 1819 1934 se

474 1966 644 2016 positum
659 1966 687 1986 ²⁰
706 1965 748 2002 in
769 1966 958 2014 sepulcro,
986 1967 1025 2003 et
1036 1965 1062 1986 ²¹
1091 1965 1303 2003 successive
1331 1966 1395 2003 vel
1423 1965 1549 2003 subito
1578 1967 1604 1987 ²²
1616 1966 1817 2011 lineatum,

476 2049 518 2073 ac
539 2037 665 2072 creata
685 2034 812 2071 anima
833 2034 1056 2083 copulata.²²
1109 2033 1192 2071 Nec
1212 2036 1270 2071 est
1292 2033 1398 2071 locus
1417 2033 1616 2072 nativitati
1636 2034 1821 2084 corporali
1841 2037 1887 2072 25

476 2104 686 2155 pertinens,
717 2102 795 2140 nisi
831 2103 931 2140 forte
967 2102 1120 2140 racione
1157 2102 1470 2149 conservacionis,
1512 2103 1612 2141 sicut
1647 2117 1718 2141 nec
1764 2107 1823 2142 est

293 2188 369 2214 John
382 2188 420 2213 iii.
435 2188 458 2215 6.
477 2173 675 2223 pertinens
693 2171 893 2209 nativitati
913 2185 962 2209 ex
988 2171 1139 2221 spiritu,
1162 2172 1208 2209 de
1229 2184 1306 2221 qua
1325 2172 1411 2209 1011.
1435 2171 1504 2219 30.‚
1528 2173 1594 2210 sed
1616 2173 1822 2223 utrobique

482 2242 618 2280 habita
672 2241 921 2290 generacione
971 2240 1099 2278 renati
1148 2240 1396 2290 consequitur
1440 2242 1779 2291 proporcionaliter
1797 2244 1824 2264 ²³

253 2339 264 2358 ¹
290 2338 474 2381 approbatis
489 2336 584 2368 ABG
602 2346 608 2374 ;
635 2334 900 2377 approbatoribus
919 2334 957 2366 O.

252 2382 265 2401 2
288 2383 399 2423 lingva
418 2380 563 2422 (lingbba
579 2379 618 2420 B)
638 2378 764 2409 subtilis
781 2381 812 2409 et
828 2377 866 2408 de
882 2378 914 2408 vi
929 2377 1018 2408 verbi
1030 2377 1071 2408 sit
1086 2388 1161 2409 vera
1176 2378 1206 2408 A
1218 2377 1243 2408 B
1259 2377 1296 2409 O.
1556 2379 1569 2399 ³
1592 2379 1690 2411 biblie
1706 2391 1763 2412 om,
1784 2381 1821 2412 Ο,

253 2425 265 2444 4
289 2435 431 2456 errorum
447 2425 476 2455 A
493 2424 519 2455 B
539 2423 575 2454 O.
666 2422 678 2440 ⁵
702 2420 925 2452 intellerabilis
944 2421 982 2452 O.
1096 2421 1108 2440 6
1132 2421 1317 2452 humanitus
1335 2421 1365 2452 A
1378 2421 1404 2452 B
1419 2421 1456 2453 C.
1562 2423 1573 2443 ⁷
1597 2423 1712 2454 desivit
1729 2423 1767 2455 Ο.

255 2469 267 2488 Β
291 2470 323 2498 et
337 2472 410 2509 post
425 2470 566 2508 tempore
582 2465 611 2496 A
622 2464 648 2496 B
664 2464 687 2495 C
702 2475 708 2503 ;
724 2474 781 2506 pro
799 2463 848 2496 Θῖί
866 2464 903 2501 O,
918 2469 954 2494 ut
968 2474 1056 2503 saepe
1073 2464 1173 2504 infra.
1232 2464 1244 2483 ⁹
1268 2474 1342 2505 ergo
1359 2466 1388 2495 A
1399 2464 1425 2496 B
1441 2465 1477 2497 O.
1548 2465 1574 2486 ¹⁰
1597 2466 1721 2498 monica
1738 2467 1775 2498 B.

242 2511 267 2530 11
292 2510 484 2551 reloquendo
503 2510 539 2541 Ο.
656 2507 681 2526 ¹²
706 2507 797 2538 annis
814 2518 871 2538 om.
890 2507 928 2537 B.
1084 2507 1109 2526 1³
1131 2517 1188 2548 per
1204 2518 1263 2538 om.
1282 2508 1310 2537 A
1323 2507 1348 2537 B
1363 2507 1397 2540 O.
1553 2508 1580 2529 14
1602 2509 1692 2541 verbi
1708 2510 1746 2541 B.

242 2554 268 2573 1⁵
292 2553 461 2595 dupliciter
476 2553 505 2583 A
517 2552 555 2583 B.
654 2550 681 2570 1ss
706 2553 829 2581 eternas
846 2550 884 2581 B.
1085 2550 1109 2569 ¹⁷
1134 2550 1236 2591 prima
1252 2552 1299 2580 est
1313 2550 1338 2580 B
1354 2550 1396 2588 C;
1415 2561 1547 2592 persone
1566 2551 1603 2583 O.

243 2596 270 2616 ¹3
294 2597 345 2627 vel
370 2595 503 2626 instanti
530 2593 771 2625 resurreccionis
798 2594 848 2631 A;
878 2603 935 2634 pro
962 2594 1105 2634 tempore
1129 2592 1190 2624 sibi
1219 2593 1353 2624 instanti
1378 2594 1616 2626 resurrectionis
1642 2594 1689 2633 B;
1715 2606 1772 2637 pro
1799 2601 1823 2628 Φ

198 2639 434 2671 resurrectionis
452 2638 475 2669 C
492 2649 498 2675 ;
525 2648 582 2679 pro
607 2636 656 2669 ΘἙί
687 2636 927 2667 resurreccionis
945 2636 982 2667 Ο.
1558 2638 1584 2658 ¹9
1607 2638 1640 2669 in
1657 2640 1685 2669 A
1697 2638 1723 2669 B
1739 2638 1775 2670 C.

243 2683 271 2703 2⁰
295 2684 376 2713 esset
392 2681 591 2723 suppositum
608 2682 637 2710 A
651 2680 677 2711 B
691 2689 697 2717 ;
724 2682 805 2710 esset
827 2678 1083 2720 persuppositum
1100 2678 1136 2710 C.
1557 2680 1583 2700 21
1608 2684 1644 2712 ut
1660 2682 1689 2712 A
1703 2681 1729 2712 B
1742 2681 1778 2713 C,

243 2725 272 2745 22
296 2727 437 2756 creatum
469 2724 634 2765 (lineatum
661 2725 696 2753 in
723 2724 876 2762 marqzne)
906 2732 941 2753 ao
969 2725 1074 2752 creata
1101 2721 1216 2759 anima,
1244 2721 1350 2753 anima
1377 2723 1525 2764 copulata
1548 2724 1602 2764 A;
1627 2726 1768 2756 creatum
1790 2735 1825 2757 ac

201 2771 306 2800 creata
321 2767 428 2798 anima
444 2766 591 2808 copulata
610 2766 634 2796 Β
648 2776 654 2802 ;
681 2765 837 2796 lineatum
854 2775 889 2797 ac
906 2768 1010 2796 creata
1026 2764 1132 2796 anima
1148 2764 1253 2796 anima
1270 2765 1417 2807 copulata
1435 2766 1469 2799 C.

244 2811 272 2830 ²3
296 2809 544 2853 proporcionalis
560 2810 589 2839 A
602 2809 626 2839 B
640 2808 675 2840 C.
