2028 3346
618 255 898 283 REFERENCES
927 255 980 283 TO
1010 255 1159 283 OTHER.
1188 254 1402 282 AUTHORS.
1718 242 1799 283 261

272 362 429 422 ffigessgssk,
464 379 594 412 Wyelis’s
606 379 734 406 citation.
1001 379 1106 405 Where
1119 379 1218 406 found.
1520 380 1572 405 Ed.
1611 380 1673 405 Vol.
1710 381 1799 412 Pago.

275 438 361 475 167.
443 438 501 475 De
521 438 625 475 Trin.
651 441 708 484 13,
733 439 795 476 37.
999 439 1057 476 De
1078 438 1184 476 Trin.
1205 438 1291 475 xiii.
1318 438 1376 476 17.
1400 441 1462 475 22.
1602 439 1683 475 viii.
1707 442 1796 476 943.

276 493 361 528 169.
444 491 574 528 Sermo
593 491 639 528 de
660 491 862 528 Trinitate.

276 543 362 579 170.

275 596 362 632 171.

274 647 361 685 172.
441 646 543 683 Dial.
565 647 614 684 ad
631 647 750 685 Folio.
998 646 1061 684 Ad
1078 646 1262 684 Felieian.
1285 647 1339 685 xi.
1512 647 1593 684 viii.
1615 647 1713 696 App.
1733 651 1795 685 45.

275 699 361 736 172.
443 699 501 736 De
521 699 626 736 Trin.
653 703 685 744 1,
710 703 744 735 9.
1003 700 1061 736 De
1082 699 1187 736 Trin.
1208 699 1234 736 i.
1257 700 1292 736 7.
1602 700 1683 737 viii.
1707 702 1796 737 758.

274 751 360 788 172.
522 780 547 798 ‚‚
652 755 684 797 1,
711 755 768 789 16.
1000 752 1057 789 De
1078 752 1184 788 Trin.
1206 751 1233 788 i.
1259 754 1317 788 13.
1601 752 1683 789 viii.
1706 753 1794 789 767.

277 803 364 841 174.

276 855 362 892 177.

276 911 362 945 181.

277 963 363 997 183.

275 1015 361 1049 184.
443 1013 501 1050 De
520 1012 621 1050 Vera
640 1013 725 1050 Rel.
1004 1012 1061 1049 De
1081 1012 1181 1049 Vera
1200 1012 1326 1061 Relig.
1348 1012 1429 1050 xvi.
1447 1015 1507 1049 30.
1670 1012 1694 1050 i.
1712 1013 1799 1050 757.

276 1067 362 1101 192.
444 1065 601 1102 Enehir.
624 1069 686 1102 29.
1005 1065 1162 1102 Enehir.
1187 1069 1248 1102 36.
1636 1065 1688 1102 vi.
1712 1069 1799 1102 210.

276 1119 361 1154 193.
443 1117 501 1154 De
522 1117 637 1154 Civiss.
658 1117 743 1155 Dei.
770 1117 830 1155 17.
1004 1117 1062 1154 De
1084 1117 1166 1154 Civ.
1187 1117 1261 1154 Dei
1281 1130 1318 1153 x.
1342 1120 1406 1154 29.
1622 1117 1689 1154 vii.
1713 1121 1800 1154 264.

277 1172 361 1205 193.
445 1170 600 1206 Euchir.
624 1173 658 1206 3.
1003 1169 1158 1206 Euchir.
1183 1173 1244 1207 39.
1268 1173 1329 1206 40.
1644 1170 1696 1206 vi.
1713 1173 1800 1207 212.

274 1223 358 1259 197.
442 1221 575 1263 Quesss.
596 1222 684 1259 Vet.
699 1224 738 1259 eb
754 1222 850 1259 Nov.
866 1222 968 1259 Tesb.
1001 1222 1059 1259 De
1078 1222 1250 1258 Diversis
1270 1221 1425 1263 Quaest.
1442 1221 1596 1264 Quaest.
1613 1225 1647 1258 5.
1694 1222 1745 1259 vi.
1764 1226 1799 1260 4.

274 1277 366 1363 ἓξὲξ

377 1403 582 1440 Avmffloiis
599 1404 901 1454 (Commentator
919 1417 968 1441 on
987 1403 1205 1454 Aristotle).

278 1464 364 1502 137.

278 1520 364 1554 140.

378 1593 596 1632 AVICENNA.

280 1663 366 1701 137.

280 1719 366 1753 140.

379 1784 501 1821 BEDE.

304 1848 366 1882 95.

378 1922 587 1960 Bomnms.
1203 1922 1273 1959 Ed.
1298 1921 1448 1968 Simler,
1473 1921 1620 1970 Tiguri.
1642 1933 1807 1958 MDLXXL

279 1985 366 2072 133.
446 2035 505 2073 De
525 2035 700 2073 Persona.
1008 2036 1066 2073 De
1086 2035 1233 2072 duabus
1252 2034 1402 2072 naturis
1421 2038 1459 2071 et
1478 2047 1555 2071 una

1062 2101 1223 2137 persona
1242 2087 1398 2133 Christi,
1422 2100 1453 2124 c.
1476 2087 1516 2124 ii.

383 2156 443 2194 ST.
465 2156 765 2194 BONAVENTURA.

303 2228 366 2261 49.
450 2228 471 2262 3
494 2225 600 2263 Sent.
621 2225 722 2263 Dist.
748 2228 807 2263 12.
1009 2225 1053 2262 iii
1075 2226 1179 2262 Sent.
1202 2224 1302 2262 Dis‘c.
1326 2224 1425 2262 xxii.
1452 2227 1484 2262 1.

306 2280 368 2315 60.
530 2306 554 2323 „
666 2307 690 2323 „
748 2281 810 2315 21.
1065 2307 1088 2324 ‚‚
1201 2307 1223 2323 ‚‚
1325 2278 1409 2314 xxi.
1436 2279 1469 2313 1.

306 2332 367 2367 97.
531 2358 555 2376 ‚‚
667 2359 690 2375 ‚,
752 2333 810 2367 11.
1066 2359 1088 2376 ‚,
1200 2359 1224 2376 ,‚
1327 2329 1381 2366 xi.
1409 2333 1440 2366 1.

385 2398 445 2435 ST.
469 2398 731 2435 CHRYSOSTOM.

310 2461 372 2496 66.

387 2527 547 2564 Come
567 2539 608 2563 01¹
628 2527 775 2564 COLTON
805 2526 1064 2576 (abbreviator
1082 2527 1130 2565 D.
1154 2527 1289 2577 Scoti).

311 2587 374 2625 57.

388 2663 447 2702 ST.
467 2664 722 2702 DAMASCENUS
743 2664 783 2715 (J
786 2664 992 2715 OHANNEs).
1328 2663 1473 2719 Mjgne.
1495 2663 1599 2701 Patr.
1622 2663 1688 2701 Gr.
1710 2662 1812 2700 xciv.

312 2736 375 2771 46.
1016 2733 1074 2770 De
1096 2733 1188 2770 Fide
1205 2733 1438 2779 Orthodoxa,
1456 2732 1512 2769 iii.
1531 2736 1566 2769 3.
1725 2735 1814 2767 990.

312 2789 373 2823 50.
458 2785 548 2835 Cap.
571 2789 634 2823 49.
1175 2815 1199 2833 ‚‚
1362 2814 1388 2833 ‚,
1513 2786 1575 2822 27.
1728 2784 1816 2820 997.
