2028 3346
244 220 311 246 eff.
331 220 411 253 VIL]
679 224 737 250 DE
769 224 1019 252 BENEDICTA
1050 225 1395 253 INCARNACIONE.

243 341 306 377 vel
339 340 531 378 essencia¹
564 341 755 388 increata;
791 342 912 379 omnis
946 343 1111 379 essencia
1144 346 1271 380 creata
1301 345 1359 380 est
1394 342 1570 389 mobilis3

243 410 366 447 omnis
394 410 560 447 essencia
586 410 756 447 increata
784 414 841 447 est
869 412 1033 448 mobile:
1067 425 1154 459 ergo
1184 412 1388 449 conclusio.
1445 412 1573 448 Minor

242 481 350 526 patet
370 492 418 515 ex
437 479 507 515 hoo
531 479 632 527 quod
661 478 827 515 essencia
846 479 1016 516 increata
1042 483 1100 516 est
1119 480 1359 528 suppositum
1378 481 1517 517 mobile
1536 495 1543 517 :
1560 481 1573 501 ²

244 559 332 594 ergo
364 546 433 583 illa
462 550 520 583 est
550 547 713 583 mobile:
750 548 1025 596 consequencia
1049 551 1166 596 patet,
1198 549 1289 597 quia
1316 549 1398 597 ipsa
1426 552 1484 585 est
1513 562 1572 585 res

203 618 223 651 5
243 615 414 652 mobilis3
447 629 489 652 eo
520 615 622 664 quod
654 619 712 652 est
740 628 899 664 persona
923 616 1052 660 Verbi,
1077 629 1150 665 que
1185 617 1328 653 moveri
1356 617 1509 665 poterit,
1534 621 1572 653 et

243 685 384 720 nedum
411 685 492 730 hoe,
517 685 581 721 sed
606 685 722 721 habet
741 688 918 721 naturam
942 685 1037 721 sibi⁴1
1058 685 1206 722 unitam
1227 687 1436 722 secundum
1457 699 1570 734 quam

244 753 388 789 moveri
408 753 560 789 sufficit.

94 822 131 864 [C
147 821 223 864 70³1]
295 821 348 858 Et
378 821 430 858 sio
462 822 636 870 intelligo
659 822 782 858 illud⁵
813 822 1010 871 Sapiencie
1032 822 1088 868 70,
1114 823 1118 870 Ι
1142 823 1334 860 ‘omnibus
1366 823 1572 860 mobilibus

244 892 302 927 est
338 890 513 926 mobilior
549 890 789 938 sapiencia':
831 892 932 940 quod
969 891 1127 937 dictum,
1168 896 1213 928 ut
1249 892 1367 928 michi
1402 892 1567 937 videtur,

179 963 224 997 10
243 961 369 1007 potest
399 959 584 996 catholice
613 959 782 1006 intelligi
813 963 852 996 et
884 973 971 997 vere
1003 961 1051 996 ad
1082 960 1254 997 litteram
1287 961 1332 997 de
1372 960 1572 1009 Sapiencia

244 1029 402 1064 eterna6
435 1041 501 1064 suo
532 1034 699 1076 tempore
736 1028 955 1074 incarnata;
996 1042 1081 1077 que,
1119 1043 1205 1066 cum
1236 1029 1394 1066 attrita⁷
1429 1029 1479 1066 sit
1516 1043 1571 1066 se-

244 1096 411 1133 cundum
455 1097 736 1133 humanitatem
774 1099 1006 1145 assumptam
1044 1102 1199 1146 propter
1245 1098 1386 1134 scelera
1428 1101 1569 1142 nostra,

242 1166 450 1203 bonifioans
496 1170 534 1203 et
580 1166 779 1203 vivificans
818 1166 945 1202 omnia
988 1167 1090 1203 ultra
1130 1168 1201 1203 hoc
1244 1167 1345 1216 quod
1385 1167 1573 1204 sufficeret

243 1235 332 1271 ⁸vel
364 1234 528 1283 poteritE
559 1235 634 1271 alia
663 1236 847 1280 creatura,
875 1234 1013 1271 habuit
1041 1235 1223 1271 nimirum
1251 1236 1460 1272 mocionem
1489 1236 1572 1272 fon-

179 1302 223 1336 15
243 1303 372 1347 talem,
404 1316 480 1351 qua
507 1302 715 1351 principiat
747 1302 857 1351 quasi
886 1303 967 1339 vita
1005 1316 1153 1339 omnem
1189 1304 1400 1341 mocionem
1438 1305 1573 1341 mundi

244 1371 433 1408 sensibilis
463 1375 501 1408 et
533 1371 740 1408 cuiuslibet
773 1385 838 1408 sue
871 1372 1003 1420 partis.
1080 1372 1188 1409 Sicut
1221 1386 1309 1419 ergo
1346 1373 1574 1410 Aristoteles

246 1440 286 1477 80
318 1440 599 1489 Physicorum:
648 1440 937 1488 ‘Ymaginatur
974 1444 1120 1477 motum
1157 1441 1271 1489 primi
1306 1442 1457 1478 mobilis
1494 1455 1573 1479 esse

245 1508 354 1557 quasi
374 1508 493 1545 vitam
512 1507 733 1545 viventibus
754 1521 840 1545 cum
860 1509 1050 1545 mediante
1064 1510 1076 1529 ⁹
1096 1509 1163 1545 illo
1182 1509 1362 1546 influitur
1386 1510 1573 1558 perfeccio

244 1577 385 1613 mundo
415 1577 655 1625 supposito';
691 1577 743 1614 sio
775 1577 970 1614 verissime
1000 1577 1079 1614 sine
1108 1578 1251 1614 ficticia
1278 1578 1346 1614 illa
1375 1578 1575 1627 Sapiencia

177 1649 226 1682 20
246 1649 302 1683 est
329 1645 495 1694 primum
523 1645 660 1682 mobile
689 1646 854 1682 efficacia
882 1649 920 1683 et
948 1646 1136 1693 dignitate
1166 1647 1374 1683 secundum
1403 1660 1573 1695 assump-

244 1717 329 1751 tum
356 1713 559 1758 hominem,
591 1714 781 1751 mediante
811 1714 919 1751 cuius
947 1718 1054 1751 motu
1081 1715 1203 1763 primo
1233 1715 1403 1752 omnium
1418 1717 1442 1735 ¹⁰
1470 1719 1575 1752 totus

245 1783 410 1819 mundus
442 1786 530 1819 ante
561 1785 599 1819 et
628 1786 713 1831 post
738 1783 960 1831 perficitur3
993 1796 1079 1820 cum
1107 1784 1280 1832 quelibet
1303 1784 1378 1820 alia
1403 1788 1575 1820 creatura

73 1860 113 1903 [Β
128 1860 227 1902 1351)]
246 1864 314 1900 per
351 1851 494 1888 Christi
528 1852 741 1900 passionem
774 1852 821 1888 ad
849 1852 1123 1900 perfeccionem
1158 1853 1162 1899 Ι
1200 1852 1462 1901 primariam‚¹¹
1499 1865 1575 1901 qua

246 1920 327 1957 Deo
356 1921 516 1958 serviret
544 1921 568 1940 ¹²
582 1921 731 1969 placato
761 1923 799 1958 et
816 1922 840 1941 ¹2
873 1921 1029 1967 homini,
1052 1921 1303 1958 instauratur.
1359 1921 1447 1957 Non
1474 1922 1574 1970 quod

178 1992 226 2026 25
246 1993 401 2038 propter
419 1990 660 2027 devocionem
686 1991 888 2038 finguntur
912 1990 1033 2037 falsa3
1064 1991 1129 2027 sed
1148 1991 1250 2039 quod
1277 1990 1470 2027 verissime
1492 1991 1516 2011 ¹3
1528 1991 1574 2027 de

245 2058 285 2094 vi
322 2058 503 2094 sermonis
540 2058 747 2095 secundum
784 2059 919 2095 seriem
956 2060 1156 2095 verborum
1193 2059 1360 2107 primum
1375 2060 1399 2079 ²3
1435 2058 1575 2095 mobile

247 2126 297 2164 sit
350 2127 540 2175 sapiencia
589 2127 757 2164 increata
784 2142 792 2173 ;
836 2131 873 2165 et
911 2129 1013 2177 quod
1064 2128 1145 2164 eius
1182 2131 1308 2164 motus
1345 2127 1408 2164 Vel
1452 2127 1575 2176 passio

245 2195 396 2244 perficit
414 2194 675 2247 ⁷³²[hominem]
696 2196 784 2244 plus
813 2209 928 2245 quam
955 2199 1081 2233 motus
1101 2196 1172 2232 celi
1185 2196 1209 2216 ¹4
1230 2196 1444 2245 quamlibet
1472 2208 1575 2232 crea-

246 2268 374 2301 turam
389 2265 413 2285 ¹⁵
447 2263 603 2315 [aliam]
636 2268 722 2313 post
753 2265 816 2302 vel
849 2268 948 2302 ante.
1024 2265 1124 2301 Nam
1141 2266 1165 2285 1⁶
1198 2264 1370 2313 quelibet
1402 2267 1577 2300 creatura

1774 211 1856 252 107

1591 606 1650 631 The
1686 613 1788 637 person
1830 605 1861 630 of

1591 640 1639 665 the
1696 639 1782 664 Word
1834 639 1858 663 is

1591 674 1597 685 ‘
1609 673 1720 697 mobilis
1735 680 1741 702 ;
1753 672 1760 685 ’
1802 672 1858 696 and

1591 707 1649 730 also
1696 706 1795 730 united
1831 707 1859 729 to

1591 747 1606 763 a
1633 743 1734 763 nature
1766 738 1859 763 which

1592 773 1615 796 is
1637 776 1643 784 ¹
1658 771 1789 796 mobilis!

1592 838 1719 862 Wisdom
1748 837 1796 863 vii.
1827 837 1858 861 24

1591 871 1750 902 explained.
1786 870 1860 894 Wis-

1591 905 1666 936 dom,
1712 904 1759 930 i.e.
1811 903 1860 928 the

1591 937 1698 962 eternal
1721 937 1857 966 Wisdom,

1591 971 1736 996 inearnate
1755 971 1784 995 in
1803 971 1858 994 due

1593 1004 1669 1035 time,
1678 1005 1700 1028 is
1706 1005 1754 1028 the
1760 1010 1859 1028 source

1591 1038 1622 1061 of
1638 1037 1745 1062 motion
1758 1037 1811 1061 and
1831 1036 1862 1061 of

1592 1070 1639 1095 life
1652 1078 1657 1096 :

1594 1385 1665 1402 even
1721 1383 1762 1408 as,
1815 1382 1861 1401 ac-

1595 1410 1713 1441 cording
1731 1415 1759 1434 to
1783 1409 1862 1434 Aris-

1596 1445 1673 1474 tone,
1688 1445 1737 1468 the
1753 1444 1862 1467 motion

1595 1478 1625 1502 of
1654 1478 1701 1501 the
1733 1477 1861 1507 primum

1595 1510 1694 1535 mobile
1709 1509 1733 1534 is
1749 1509 1797 1534 the
1814 1509 1862 1533 life

1594 1545 1623 1569 in
1648 1544 1745 1575 things
1761 1543 1860 1573 living,

1595 1578 1651 1602 and
1680 1577 1717 1608 by
1748 1576 1784 1600 its
1819 1576 1861 1599 in-

1595 1611 1704 1635 fluenee
1716 1610 1765 1635 the
1776 1609 1863 1633 world

1594 1645 1618 1669 is
1631 1643 1784 1675 perfected.

1595 1863 1673 1888 Thus
1688 1861 1726 1893 by
1739 1860 1787 1885 the
1799 1866 1865 1890 pas-

1594 1897 1655 1921 sion
1669 1895 1700 1920 of
1714 1894 1809 1919 Christ
1825 1893 1863 1917 all

1595 1929 1720 1954 creation
1748 1929 1772 1952 is
1798 1933 1862 1958 per-

1593 1962 1696 1988 fected.

305 2349 316 2368 1
340 2349 477 2380 essenoia
492 2360 550 2380 om.
568 2350 597 2379 A
612 2349 637 2379 B
652 2348 688 2380 C.
885 2348 897 2367 2
921 2348 1037 2379 mobile
1054 2360 1111 2379 om.
1128 2349 1156 2378 A
1169 2347 1194 2378 B
1210 2347 1244 2379 C.
1443 2347 1455 2366 3
1479 2347 1605 2378 mobilis
1621 2358 1678 2377 om.
1697 2347 1726 2377 A
1740 2346 1765 2376 B
1780 2345 1817 2377 C.

304 2391 315 2411 ‘¹
340 2391 399 2422 sibi
415 2404 473 2423 om.
492 2393 521 2422 A
535 2391 560 2422 B
576 2391 599 2422 C
613 2417 620 2423 .
882 2391 895 2410 ⁵
919 2390 999 2421 illud
1014 2402 1071 2421 om.
1088 2391 1125 2422 O.
1439 2390 1451 2409 ⁶
1475 2393 1584 2421 eterna
1600 2401 1658 2421 om.
1679 2389 1717 2420 Ο.

305 2451 317 2471 7
342 2435 422 2482 attta
440 2451 478 2482 O.
881 2452 893 2470 Β
916 2450 973 2481 hec
994 2450 1124 2491 (poterit
1139 2450 1212 2491 om.)
1231 2450 1260 2480 A
1272 2450 1298 2480 B
1314 2460 1321 2488 ;
1348 2449 1404 2481 hec
1420 2449 1537 2491 poterit
1554 2449 1589 2481 C.

305 2493 318 2512 ⁹
340 2495 418 2524 mete
434 2495 463 2524 A
476 2494 501 2524 B
516 2493 553 2525 C.
862 2493 887 2512 10
911 2494 997 2523 omni
1016 2497 1039 2523 A
1056 2493 1081 2523 B
1094 2492 1130 2524 C.

292 2536 316 2555 ¹¹
340 2536 506 2578 pristinam
522 2539 569 2575 A;
608 2536 712 2577 p'riam
732 2535 1013 2577 (imprimariam)
1032 2536 1054 2567 C
1071 2536 1108 2566 O.

292 2579 317 2598 ¹2
342 2583 373 2609 et
388 2579 505 2620 placito
522 2581 550 2610 A
562 2579 588 2609 B
601 2581 643 2617 U;
671 2579 795 2620 placato
815 2581 859 2619 (et
875 2578 946 2620 om.)
968 2584 1004 2609 ι).

292 2621 318 2640 1³
340 2621 377 2652 de
405 2622 435 2652 vi
465 2622 615 2653 sermonis
639 2625 694 2652 aut
719 2622 888 2652 secundum
913 2621 1024 2652 seriem
1053 2621 1098 2660 (in
1122 2620 1248 2660 rasura)
1279 2620 1445 2651 verborum
1475 2618 1620 2661 (debetur
1645 2621 1677 2650 in
1705 2618 1858 2659 marytne)

248 2664 385 2706 primum
408 2666 458 2702 A;
484 2665 634 2695 sermonis
657 2664 710 2695 sed
728 2664 945 2695 causacionem
959 2664 1126 2695 verborum
1148 2664 1285 2705 primum
1308 2663 1344 2695 B.
1397 2665 1467 2694 cod.
1487 2664 1512 2694 O
1530 2674 1587 2694 om.

249 2709 312 2738 cod.
332 2708 355 2737 (J
374 2712 407 2737 ut
423 2718 520 2745 supra
536 2710 569 2737 in
587 2713 672 2737 textu
689 2708 787 2738 habet.

293 2749 317 2768 1⁴
341 2749 385 2780 cei
417 2750 645 2790 (forsitanpro
661 2749 767 2790 ceteri)
789 2750 834 2780 O:
863 2750 947 2789 ates.
971 2760 1005 2788 ρ.
1029 2751 1099 2786 108,
1122 2750 1141 2779 Z.
1163 2751 1277 2779 11—14.

1602 2662 1633 2693 vi
1645 2674 1652 2694 :
1680 2668 1750 2693 cete)
1759 2673 1778 2692 α
1794 2673 1861 2692 cum

294 2792 321 2811 1⁵
345 2792 439 2823 aliam
455 2794 524 2822 add.
545 2795 569 2823 O
584 2803 591 2831 ;
608 2793 752 2833 forsitan
768 2794 973 2831 retinendum,
993 2797 1020 2823 et
1037 2791 1198 2823 hominem
1209 2797 1281 2831 post
1297 2790 1421 2833 perficit
1437 2787 1620 2824 addendum.

293 2834 320 2854 ¹⁶
343 2845 417 2866 nam
433 2846 489 2867 om.
510 2835 547 2867 Ο.
