2028 3346
171 254 227 298 20

175 380 224 406 the
255 378 341 404 Arian
371 378 396 404 is
425 384 441 403 a

175 420 237 439 case
250 413 280 438 in
292 412 372 443 point
384 419 390 438 :

175 446 220 471 for
233 446 268 471 he
288 445 372 471 could
393 447 443 470 not

175 480 353 504 understand
378 479 441 503 how

176 513 261 545 unity
286 512 316 537 of
341 515 444 537 nature

177 546 261 571 could
324 545 446 571 co—exist

177 580 249 604 with
280 579 446 604 distinction

177 613 208 639 of
219 619 336 645 persons
348 620 353 638 :

187 1419 241 1438 nor
254 1411 339 1437 could

190 1445 338 1471 sabellius,

193 1814 258 1840 And
270 1819 357 1844 many
364 1818 457 1837 nowa-

194 1848 264 1879 days
328 1847 364 1871 do
411 1847 462 1869 not

194 1881 281 1912 apply
349 1881 461 1910 Augus-

194 1914 278 1939 tine's
294 1912 356 1938 rule
371 1920 377 1938 ε

198 1947 255 1979 (i.e.
320 1949 350 1971 to
413 1945 464 1970 ask

196 1980 259 2005 first
272 1979 401 2004 whether
415 1979 464 2003 the

196 2014 291 2038 words
326 2013 355 2037 in
394 2012 464 2037 each

198 2053 320 2078 passage
339 2045 415 2070 refer
435 2049 465 2070 to

197 2080 295 2106 Christ
309 2086 339 2104 as
353 2079 415 2104 God
435 2086 466 2104 or

197 2121 227 2139 as
240 2119 306 2138 man
322 2121 330 2144 ς

769 259 990 289 JOHANMS
1022 259 1189 287 WYCLIF
1649 252 1733 285 [CAP.
1753 253 1795 279 11.

461 378 576 416 quam
588 366 809 404 vocaverat¹
823 361 1088 411 Augustinum
1109 373 1333 398 succensum
1354 372 1480 397 errore
1497 360 1685 408 tanquam
1700 368 1799 406 aqua

462 447 596 472 cenosa
625 448 662 472 se
690 433 996 482 ingurgitantem
1019 433 1059 468 et
1086 433 1131 468 ut
1164 431 1336 467 arborem
1366 441 1523 466 curvam
1551 431 1590 465 et
1618 426 1800 464 nodosam

463 517 537 553 que
574 503 696 541 nichil
732 499 977 540 rectitudinis
1008 499 1050 536 in
1084 512 1122 537 se
1159 499 1289 544 habet,
1327 497 1460 534 scribit
1497 496 1592 545 quid
1621 494 1801 532 moveat²

465 587 554 611 eum
583 573 632 610 ad
661 570 950 621 depravandum
982 567 1215 605 sentenciam
1240 566 1455 615 Augustini
1481 564 1701 603 confitentis
1730 563 1803 601 sibi

465 642 506 680 in
519 643 531 663 ³
551 640 702 690 scriptis
721 640 836 677 fidem
855 639 860 686 l
878 651 996 675 suam.
1053 638 1091 674 N
1094 637 1177 674 am⁴
1198 637 1301 674 inter
1320 637 1395 674 alia
1408 637 1544 673 beatus
1561 633 1803 682 Augustinus
1823 639 1865 683 [B
1877 639 1975 683 118b]

466 710 619 759 scripsit
639 709 711 746 sibi
726 709 880 746 Patrem
900 709 938 744 et
957 706 1102 743 Filium
1124 708 1162 744 et
1183 706 1370 755 Spiritum
1391 708 1564 742 sanctum
1584 716 1663 741 esse
1682 715 1806 740 unum

465 780 604 826 Deum,
632 777 763 824 ‘Quis‚
786 776 929 826 inquit,
952 775 1179 813 Pascencius
1199 776 1243 812 e⁵
1268 775 1394 812 tribus
1421 773 1592 823 personis
1620 775 1678 810 est
1704 785 1806 809 unus

467 848 603 886 Deus?
633 861 681 885 an
700 848 798 884 forte
820 847 920 894 luna
954 848 1011 883 est
1037 857 1199 894 persona
1228 843 1414 881 triformis
1447 856 1522 893 que
1551 843 1623 880 hoc
1652 841 1806 879 nomine
1828 849 1872 892 [A
1884 849 1958 892 770]

467 919 716 966 nuncupetur
735 915 781 953 ‘?'
868 914 910 952 Si
954 914 1027 951 iste
1072 913 1267 951 hereticus
1313 912 1551 960 cognovisset
1597 911 1808 961 quomodo⁶

469 987 602 1024 unica⁷
633 984 844 1023 communis
873 983 1095 1020 humanitas
1128 985 1187 1020 est
1217 981 1391 1031 quelibet
1422 995 1582 1031 persona
1613 981 1778 1018 hominis
1799 995 1807 1029 ;
1832 984 1878 1019 10

468 1056 609 1094 vidisse
639 1054 853 1104 potuissetS
883 1052 1053 1090 faciliter
1084 1052 1272 1101 quomodo
1309 1051 1425 1088 unica
1457 1051 1590 1096 deitas,
1626 1050 1807 1097 essencia,

471 1125 701 1171 substancia,
734 1124 799 1162 vel
827 1125 968 1160 natura
1002 1121 1146 1168 divina,
1181 1125 1238 1159 est
1269 1124 1348 1159 tres
1379 1134 1538 1170 persone
1568 1123 1606 1159 et
1638 1120 1812 1170 quelibet

472 1194 693 1233 earundem.

527 1263 718 1301 Sabellius
747 1261 868 1299 eciam
897 1260 929 1298 si
956 1260 1118 1298 vidisset
1146 1259 1249 1309 quod
1277 1272 1364 1297 cum
1391 1259 1542 1297 unitate
1570 1261 1708 1296 nature
1735 1260 1813 1296 stat

474 1332 674 1370 distinccio
700 1343 963 1380 personarum,
991 1329 1043 1367 sic
1072 1330 1249 1378 quoque⁹
1281 1342 1358 1365 non
1389 1328 1528 1366 fuisset
1553 1331 1705 1366 cecatus
1719 1328 1746 1349 ¹⁰
1770 1327 1812 1364 111
1834 1333 1880 1367 15

474 1402 548 1439 1510
579 1400 803 1450 turpissimo
832 1398 1086 1449 paralogismo
1098 1398 1317 1435 ¹¹—Petrus
1347 1400 1405 1435 est
1436 1399 1575 1435 natura
1608 1397 1809 1446 specifica:

476 1469 622 1506 Paulus
642 1471 700 1506 est
719 1468 851 1505 eadem
869 1469 1010 1504 natura
1030 1465 1205 1515 specifica
1224 1480 1232 1503 z
1263 1478 1352 1513 ergo
1372 1465 1511 1502 Petrus
1532 1468 1589 1502 est
1615 1465 1815 1502 Paulus—

476 1538 637 1575 vidisset
670 1537 772 1586 quod
800 1549 877 1573 non
911 1538 1062 1585 oportet
1098 1535 1200 1584 quod
1229 1534 1345 1572 Pater
1378 1534 1427 1571 sit
1463 1534 1601 1579 Filius,
1638 1532 1815 1583 quamvis

476 1609 688 1655 utrumque
723 1605 773 1642 sit
807 1605 939 1642 eadem
973 1602 1255 1652 simplicissima
1287 1602 1517 1640 substancia.
1592 1603 1644 1640 Et
1675 1602 1727 1639 sic
1768 1603 1814 1639 de

478 1675 564 1713 aliis
582 1674 781 1712 heresibus
799 1672 1086 1722 pullulantibus
1104 1674 1261 1721 propter
1280 1671 1473 1710 defectum
1500 1671 1623 1720 logice
1652 1671 1814 1721 scriptu·
1835 1681 1884 1716 20

477 1757 620 1782 rarum.

531 1811 653 1850 Multi
672 1811 776 1848 enim
788 1811 814 1832 ¹²
834 1810 998 1859 cupiunt
1016 1809 1232 1847 autorizare
1252 1823 1391 1847 novam
1409 1810 1572 1858 logicam
1593 1812 1818 1847 extraneam

482 1895 504 1919 a
537 1881 727 1930 scriptura
757 1882 796 1918 et
826 1880 918 1917 hinc
956 1879 1093 1916 dicunt
1108 1879 1135 1900 ¹³
1165 1892 1203 1916 se
1236 1879 1358 1928 ipsam
1395 1879 1582 1927 corrigere
1619 1881 1818 1928 tamquam

482 1950 759 2000 impossibilem
772 1950 798 1970 ¹4
830 1950 877 1986 de
907 1948 947 1986 vi
980 1948 1096 1986 vocis.
1153 1949 1206 1985 Et
1235 1948 1335 1985 illud
1362 1948 1539 1986 meminit
1574 1948 1819 1996 Augustinus

484 2025 615 2057 contra
630 2019 777 2056 dictum
790 2017 1052 2056 Pascencium.
1081 2017 1152 2054 ¹⁵N
1155 2031 1216 2054 am
1232 2020 1364 2055 contra
1373 2018 1397 2038 ¹⁵
1411 2019 1596 2065 negantes
1612 2017 1820 2066 scripturas

484 2089 530 2125 (le
552 2088 703 2126 Christo
724 2087 777 2125 sic
791 2086 988 2136 loquitur:
1011 2090 1019 2106 ‘
1033 2085 1232 2132 Homines,
1250 2085 1390 2135 inquit,
1409 2085 1537 2122 minus
1556 2085 1821 2134 intelligentes
1841 2124 1878 2167 [c
1891 2124 1970 2167 43a]

200 2171 235 2201 cs.
246 2178 278 2202 p.
292 2171 318 2196 9.
334 2169 351 2197 ι.
366 2170 391 2195 6.
485 2158 579 2207 quid
597 2159 754 2206 propter
768 2156 863 2205 quid
877 2155 1410 2204 dicaturlprecipites!volunt
1427 2155 1568 2191 habere
1583 2154 1817 2192 sentencias:
1841 2168 1881 2211 [0
1895 2168 1991 2211 2182]

487 2229 526 2264 et
546 2225 747 2274 scripturis
765 2237 843 2261 non
863 2224 1070 2273 diligenter
1089 2224 1269 2262 scrutatis
1289 2223 1480 2273 arripiunt
1498 2222 1524 2244 ¹⁶
1536 2223 1823 2262 defensionem¹⁷

487 2295 762 2343 cuiuscumque
775 2293 802 2314 ¹⁸
833 2293 1022 2342 opinionis
1034 2292 1062 2314 ¹⁶
1092 2295 1132 2330 et
1164 2294 1211 2330 ab
1251 2305 1295 2330 ea
1328 2293 1392 2330 vel
1403 2292 1430 2314 ¹⁹
1457 2305 1658 2342 nunquam
1686 2293 1750 2330 vel
1775 2293 1821 2330 de

486 2363 635 2401 difficili
665 2363 936 2410 deflectuntur,
959 2362 1051 2399 dum
1072 2361 1174 2399 docti
1194 2363 1309 2410 atque
1329 2361 1519 2410 sapientes
1547 2361 1668 2409 magis
1692 2361 1823 2410 putari
1843 2372 1890 2407 30

487 2445 604 2482 quam
629 2444 709 2469 esse
735 2431 910 2480 cupiunt.
967 2432 1024 2468 Ea
1044 2430 1199 2480 quippe,
1223 2443 1298 2480 que
1323 2433 1480 2480 propter
1505 2430 1704 2468 formam²⁰
1724 2430 1823 2468 servi

263 2534 273 2554 1
297 2536 487 2565 vacaverant
502 2534 692 2565 vocaverant
711 2532 779 2575 (sic)
796 2532 833 2564 O.
1019 2531 1032 2551 ²
1055 2533 1161 2562 movet
1179 2531 1217 2562 O.
1491 2531 1504 2551 3
1527 2532 1561 2562 111
1577 2542 1634 2562 om.
1654 2531 1692 2563 Ο.

260 2577 273 2597 4
297 2587 372 2608 nam
388 2588 445 2608 om.
465 2577 494 2607 A
508 2577 533 2607 B
549 2576 585 2608 C.
750 2576 763 2595 ⁵
786 2585 804 2606 a
822 2575 861 2606 O.
1022 2574 1034 2593 ⁶
1059 2574 1214 2616 quomodo
1230 2585 1287 2606 om.
1306 2574 1343 2606 B.
1487 2574 1499 2594 ⁷
1523 2585 1586 2605 una
1607 2575 1636 2606 A
1654 2575 1679 2605 B
1698 2574 1734 2607 C.

262 2620 275 2639 8
299 2623 404 2662 1105501
427 2620 465 2650 Ο.
609 2619 621 2638 ⁹
645 2618 729 2660 quod
744 2629 843 2649 omnes
860 2619 942 2649 codd.
1012 2617 1036 2637 ¹0
1059 2617 1210 2648 cecitatus
1228 2618 1264 2650 O.
1474 2617 1498 2637 ¹¹
1523 2617 1725 2659 Peraloysmo
1741 2617 1820 2649 AB.

248 2663 275 2683 1²
300 2668 405 2693 autem
421 2665 448 2693 A
464 2662 488 2693 B
502 2661 538 2693 C.
1017 2660 1042 2680 ¹³
1065 2659 1175 2691 dicunt
1190 2671 1247 2691 om.
1267 2660 1304 2692 B.
1480 2660 1505 2680 14
1528 2659 1723 2702 impossibile
1741 2661 1779 2692 O.

249 2706 325 2729 ¹5-15
348 2715 423 2736 nam
439 2706 665 2745 consequenter
680 2706 791 2735 contra
806 2704 836 2734 A
849 2703 875 2734 B
889 2703 912 2735 C
930 2714 937 2741 ;
963 2714 1038 2734 nam
1060 2705 1286 2744 consequenter
1304 2703 1341 2735 Ο.

249 2748 326 2771 16-16
348 2748 561 2779 defensionem
577 2747 790 2788 cuiuscunque
806 2747 962 2788 opinionis
979 2758 1036 2778 om.
1055 2746 1100 2784 B;
1129 2745 1339 2777 defensionem
1356 2748 1426 2778 add.
1444 2747 1559 2777 ilerum
1577 2745 1611 2777 C.

251 2791 275 2811 ¹⁷
299 2790 515 2823 defencionem
532 2791 571 2822 O.
662 2790 689 2810 1⁸
713 2790 891 2832 oppinionis
907 2790 948 2821 A.
1063 2789 1088 2809 ¹⁹
1112 2789 1162 2820 vel
1178 2800 1235 2820 om.
1254 2789 1333 2821 AB.
1468 2789 1495 2809 20
1518 2789 1654 2820 formam
1670 2801 1726 2821 om.
1746 2789 1784 2821 B.
