2028 3346
945 266 1093 294 NOTES.
1694 252 1776 294 245

306 383 349 421 P.
374 385 458 430 116,
480 383 507 420 1.
530 383 705 420 32.—Of.
726 396 763 432 p.
789 385 847 429 13,
870 383 895 420 l.
917 386 975 420 10.
1024 384 1228 431 modificare
1247 383 1430 432 neyatz'vas
1449 396 1527 420 was
1546 396 1567 420 a
1585 383 1771 431 principle

254 435 351 472 with
371 435 445 480 W.‚
469 436 526 473 εἶθ.
554 438 594 472 to
624 436 839 472 endeavour
867 438 906 473 to
936 435 1016 472 find
1047 437 1114 473 the
1147 448 1253 483 germ
1282 436 1321 472 of
1352 436 1463 472 truth
1489 435 1530 471 in
1557 435 1772 472 inaccurate

255 490 489 524 statements.

308 539 351 576 P.
377 540 509 583 118,1.
540 540 757 588 20.—Aug.
782 539 852 578 loc.
883 539 946 576 cit.
979 540 1101 590 (Tom.
1131 539 1203 577 VI.
1232 553 1270 588 p.
1303 539 1369 588 64)
1398 539 1539 576 defines
1567 540 1632 576 the
1664 539 1771 576 third

252 591 349 628 kind
378 592 417 628 of
446 592 588 628 habitus
619 592 721 629 thus.
791 592 964 629 Tertium
994 605 1112 639 genus
1145 594 1202 629 est
1233 605 1319 629 cum
1351 592 1432 640 ipsa
1465 604 1560 640 quae
1592 591 1770 628 accidunt

252 646 452 680 mutantur
470 646 514 681 ut
535 643 709 681 habitum
727 644 881 689 faciant,
905 647 944 681 et
962 645 1234 693 quodammodo
1254 645 1465 680 formantur
1484 645 1530 680 ab
1550 643 1602 680 eis
1631 644 1770 692 quibus

252 695 429 732 habitum
446 695 604 741 faciunt,
629 695 741 733 sicuti
761 698 819 733 est
837 696 953 733 vestis
970 711 977 733 z
1009 709 1096 733 nam
1116 710 1201 734 cum
1225 697 1390 744 reposita
1408 696 1471 732 vel
1496 697 1668 745 projecta
1696 700 1764 741 est,

252 760 330 784 non
360 748 477 785 habet
505 761 588 784 eam
619 748 791 794 formam,
814 761 928 797 quam
961 750 1076 786 sumit
1108 762 1194 786 cum
1226 749 1399 785 induitur
1428 750 1542 796 atque
1572 747 1768 784 inducitur

253 799 443 836 membris.
516 801 617 847 Ergo
645 800 780 837 induta
806 801 945 849 accipit
971 801 1142 847 formam,
1178 814 1292 850 quam
1323 813 1396 837 non
1424 800 1589 837 habebat
1621 803 1763 837 exuta:

254 865 341 889 cum
370 852 452 900 ipsa
480 855 658 895 membra,
682 858 719 889 et
751 865 837 889 cum
865 856 1063 890 exuuntur
1082 856 1120 890 et
1148 866 1233 890 cum
1260 853 1486 898 induuntur,
1509 852 1550 888 111
1570 865 1636 888 5110
1663 852 1766 889 statu

253 906 443 941 maneant.
510 906 611 951 Aug.
649 905 740 941 thus
777 905 920 953 applies
956 905 988 942 it
1023 908 1062 942 to
1098 906 1165 942 the
1202 905 1458 942 Incarnation.
1521 905 1600 941 Iste
1638 910 1767 941 autem

253 956 398 993 habitus
419 956 537 1005 (Phil.
558 956 599 993 ii.
622 956 662 1005 8)
690 960 747 993 est
774 970 823 993 ex
850 957 963 994 tertio
992 971 1148 1005 genere;
1179 957 1231 994 510
1264 957 1365 994 enim
1395 960 1611 1005 assumptus
1639 960 1696 994 est
1723 959 1769 994 ut

253 1011 550 1045 commutaretur
576 1008 617 1045 in
645 1008 793 1055 melius,
816 1011 855 1046 et
874 1010 919 1046 ab
939 1023 981 1046 eo
1000 1009 1229 1047 formaretur
1250 1009 1497 1046 ineffabiliter
1516 1009 1766 1046 excellentius

254 1064 368 1108 atque
388 1060 631 1110 conjunctius
659 1074 774 1109 quam
801 1061 917 1098 vestis
946 1074 1032 1098 cum
1060 1063 1105 1099 ab
1134 1061 1285 1098 homine
1312 1062 1498 1098 induitur.
1555 1061 1618 1099 W.
1640 1075 1681 1098 or
1707 1062 1767 1098 his

252 1113 510 1161 predecessors
557 1112 633 1162 (for
664 1113 777 1149 Peter
805 1113 993 1150 Lombard
1025 1115 1124 1162 (III.
1161 1114 1198 1151 S.
1231 1114 1279 1151 D.
1311 1114 1382 1163 vi.)
1414 1114 1490 1150 also
1521 1117 1654 1162 quotes
1690 1114 1768 1151 this

252 1177 408 1213 passage
449 1164 547 1201 from
577 1164 811 1214 Augustine)
845 1166 913 1202 has
953 1167 1164 1203 condensed
1202 1168 1299 1214 Aug.
1335 1179 1373 1203 so
1410 1166 1546 1215 briefiy
1580 1179 1620 1203 as
1646 1168 1685 1203 to
1722 1167 1768 1203 be

253 1217 409 1253 obscure
446 1217 520 1253 and
547 1218 775 1266 apparently
805 1217 1089 1265 unintelligible
1121 1222 1160 1256 to
1185 1218 1245 1255 his
1273 1218 1450 1268 copyists.
1524 1218 1581 1256 Of.
1607 1219 1766 1264 Dorner,

252 1268 395 1305 Person
414 1268 453 1305 of
473 1269 611 1315 Christ,
634 1269 721 1306 Div.
744 1270 802 1306 ΙΙ.
822 1270 898 1306 vol.
919 1270 945 1307 i.
968 1274 1055 1307 315.

306 1320 348 1358 P.
375 1324 459 1364 119,
481 1321 508 1359 l.
532 1321 711 1359 18.—W.
733 1322 838 1369 gives
864 1323 930 1359 the
959 1323 1157 1360 substance
1185 1322 1223 1359 of
1241 1323 1342 1370 Aug.
1365 1323 1412 1360 ad
1438 1322 1555 1360 Felic.
1578 1336 1657 1372 cap.
1683 1322 1768 1369 xii„

252 1373 325 1410 but
344 1373 435 1409 adds
453 1373 519 1410 the
538 1373 676 1420 logical
700 1374 992 1412 technicalities.

306 1425 350 1462 P.
392 1427 477 1471 121,
516 1425 542 1463 l.
582 1426 810 1473 27.—risus,
851 1426 945 1464 Gen.
992 1426 1076 1464 xxi.
1100 1430 1144 1464 6:
1194 1427 1270 1464 also
1317 1427 1412 1465 Gen.
1459 1427 1555 1464 xvii.
1600 1427 1657 1473 17,
1698 1427 1774 1464 and

255 1476 366 1514 xviii.
391 1479 450 1515 12.

308 1529 351 1565 P.
377 1532 460 1574 122,
484 1529 510 1566 1.
534 1530 726 1567 13.-Τ110
750 1531 837 1568 date
866 1530 905 1568 of
932 1530 1011 1568 this
1030 1531 1221 1579 Decretal,
1249 1532 1456 1569 Clementis
1478 1532 1525 1570 V.
1553 1531 1594 1569 in
1614 1531 1772 1569 concilio

257 1580 478 1626 Viennensi,
500 1582 532 1619 is
555 1585 666 1619 1312.

309 1633 352 1671 P.
378 1633 461 1680 127,
483 1634 510 1670 l.
532 1634 819 1671 27.—am'mam.
878 1634 988 1672 Since
1006 1636 1074 1673 the
1098 1637 1185 1673 text
1204 1649 1282 1674 was
1310 1636 1463 1685 printed
1485 1637 1507 1673 I
1532 1637 1628 1674 have
1656 1636 1776 1673 found

256 1686 343 1723 that
361 1686 535 1723 hommem
553 1686 586 1723 is
605 1687 671 1723 the
691 1687 796 1723 word
814 1686 854 1723 in
873 1687 976 1734 Aug.

309 1738 351 1774 P.
378 1741 462 1783 129,
485 1738 516 1775 1.
550 1740 664 1776 17.—
675 1738 741 1776 Vir
769 1742 872 1776 notat
901 1743 1028 1777 etatem
1050 1738 1212 1788 formavi
1242 1753 1362 1778 sexum
1390 1741 1606 1790 probitatem
1640 1741 1776 1778 should

256 1789 354 1827 have
373 1791 470 1827 been
489 1790 641 1838 printed
660 1804 700 1828 as
720 1804 741 1827 a
759 1791 908 1829 leonine
928 1805 1047 1829 verse.

309 1842 352 1879 P.
378 1845 461 1889 133,
484 1842 511 1880 l.
533 1843 688 1881 2.—W.
709 1843 894 1891 professes
913 1846 952 1881 to
977 1844 1063 1892 give
1090 1845 1157 1882 the
1185 1845 1363 1893 meaning
1390 1845 1429 1882 of
1456 1845 1614 1882 Anselm
1642 1845 1683 1882 in
1709 1845 1775 1883 the

256 1894 463 1942 preceding
493 1908 661 1943 passage.
717 1896 891 1941 Walden,
923 1896 1052 1934 Doctr.
1083 1897 1168 1934 Fid.
1196 1898 1229 1934 I.
1260 1901 1321 1943 42,
1344 1898 1473 1935 denies
1499 1898 1586 1935 th'at
1616 1898 1675 1935 W.
1706 1911 1777 1935 can

259 1946 370 1983 claim
400 1946 593 1984 Anselm's
620 1948 830 1997 authority.
886 1948 997 1985 Nihil
1025 1949 1098 1986 tibi
1126 1952 1164 1986 et
1182 1950 1362 1987 Anselmo
1391 1950 1458 1999 qui
1485 1950 1579 1987 dicit
1601 1953 1775 1987 naturam

258 2011 371 2047 quam
392 1999 566 2036 Christus
585 2000 790 2048 assumpsit
807 2013 883 2037 non
902 2013 981 2038 esse
1002 2001 1207 2047 Christum,
1229 2002 1303 2039 nisi
1329 2003 1479 2052 quando
1506 2003 1663 2051 ponitur
1691 2015 1777 2039 cum

259 2051 480 2088 collectione
508 2052 783 2100 proprietatum
811 2053 1067 2101 personalium
1092 2054 1133 2091 in
1152 2055 1281 2091 eadem
1300 2068 1459 2103 persona
1477 2055 1606 2100 Verbi,
1629 2057 1667 2092 et
1685 2057 1778 2092 tunc

259 2105 317 2140 est
347 2103 414 2140 iste
445 2104 556 2150 homo,
588 2104 628 2140 id
665 2107 733 2150 est,
765 2105 790 2142 J
793 2118 877 2141 esus
908 2118 985 2142 non
1020 2109 1158 2143 natura
1185 2108 1373 2144 abstracta
1400 2107 1618 2156 composita.
1691 2107 1779 2144 Non

259 2157 318 2192 est
346 2155 447 2193 enim
474 2156 574 2193 idem
604 2157 700 2193 homo
729 2159 767 2194 et
794 2157 898 2194 Jesus
925 2158 1036 2196 homo.
1092 2159 1196 2195 Jesus
1223 2159 1321 2196 homo
1348 2173 1507 2208 persona
1527 2159 1668 2196 Christi
1695 2162 1778 2203 est3

258 2207 356 2245 homo
388 2221 476 2245 vero
508 2208 742 2257 simpliciter,
779 2214 916 2247 natura
947 2213 1005 2247 est
1038 2224 1135 2260 quae
1167 2214 1360 2260 assumpta
1392 2214 1460 2259 est,
1495 2225 1581 2249 cum
1608 2212 1777 2249 Verbum

259 2272 343 2297 caro
361 2260 464 2297 facta
481 2263 551 2297 est.

311 2312 353 2348 P.
380 2315 464 2357 132,
486 2313 512 2349 l.
535 2313 848 2362 6.—exemplar2'a
876 2343 884 2352 .
917 2343 926 2351 .
959 2344 966 2352 .
996 2315 1208 2364 exemplata.
1263 2316 1374 2353 Ideas
1394 2329 1434 2353 or
1451 2315 1569 2353 forms
1587 2316 1661 2353 and
1680 2315 1778 2353 indi-

258 2363 409 2401 viduals
428 2365 694 2414 respectively.

311 2416 353 2453 P.
380 2420 463 2462 132,
486 2417 513 2454 l.
542 2418 791 2454 8.—-Anselm
818 2418 876 2455 De
904 2418 986 2456 Ino.
1008 2419 1127 2457 Verbi
1156 2419 1196 2456 ii.
1254 2420 1386 2457 Omnis
1413 2420 1635 2457 individuus
1666 2421 1778 2457 homo

258 2481 418 2516 persona
437 2471 507 2506 est.
562 2469 700 2516 Again,
723 2470 781 2506 De
801 2470 883 2507 Ine.
905 2471 951 2507 V.
973 2471 1023 2507 vi.
1080 2472 1284 2510 Personam
1303 2473 1544 2520 designamus
1569 2486 1665 2522 quae
1693 2485 1779 2509 cum

258 2523 397 2557 natura
427 2521 689 2558 collectionem
720 2522 838 2559 habet
866 2523 1144 2571 proprietatum
1176 2525 1315 2574 quibus
1346 2525 1457 2561 homo
1488 2525 1697 2562 communis
1730 2525 1780 2562 sit

260 2573 446 2619 singulus,
476 2575 515 2610 et
547 2574 593 2610 ab
624 2573 710 2610 aliis
743 2574 904 2621 singulis
933 2575 1195 2623 distinguitur.
1261 2577 1350 2614 And
1381 2577 1504 2624 again,
1536 2577 1780 2624 Monologion

259 2624 416 2661 lxxviii.
439 2626 487 2662 78
505 2639 513 2662 :
545 2626 711 2662 Persona
730 2639 805 2662 non
824 2626 966 2663 dicitur
983 2628 1058 2664 nisi
1076 2628 1121 2665 de
1142 2628 1341 2666 individua
1359 2629 1537 2666 rationali
1554 2632 1704 2666 natura.

313 2677 496 2715 Boecium.
570 2678 620 2714 In
657 2691 678 2714 a
706 2678 814 2715 work
851 2679 1021 2716 ascribed
1058 2685 1096 2716 to
1128 2681 1323 2728 Boethius,
1357 2682 1517 2719 entitled
1546 2682 1603 2718 De
1633 2682 1779 2718 duabus

260 2729 409 2766 naturis
437 2732 476 2766 et
503 2742 578 2765 una
604 2743 765 2778 persona
793 2730 945 2776 Christi,
969 2745 1000 2768 c.
1021 2731 1076 2778 ii.,
1098 2733 1164 2770 the
1193 2735 1328 2770 author
1355 2734 1540 2771 discusses
1566 2734 1632 2771 the
1652 2733 1780 2770 differ-

262 2793 352 2819 ence
381 2782 556 2820 between
585 2786 720 2820 natura
750 2783 824 2820 and
845 2796 1016 2831 persona,
1052 2785 1127 2822 and
1157 2786 1357 2824 concludes
1386 2787 1501 2824 thus:
1542 2786 1694 2824 Natura
1723 2788 1780 2823 est
