2028 3346
192 221 274 263 188

190 361 339 386 substance
345 360 381 385 he
390 360 457 385 does

188 399 239 419 not
247 394 372 425 produce
383 394 457 418 acci-

797 232 1016 261 JOHANNIS
1046 232 1214 260 WYCLIF
1657 230 1738 263 [Cn.
1758 229 1812 256 XI.

476 351 693 389 substancie
720 364 789 401 per
818 364 855 388 se
884 351 1116 400 producere:
1147 353 1204 398 ut,
1228 351 1328 388 sicut
1355 364 1431 388 non
1455 352 1582 400 potest
1603 350 1812 400 producere

191 428 282 458 dents,
303 427 396 452 which
409 435 457 452 are
475 424 622 458 motum
641 434 781 467 meum,
804 420 880 457 nisi
901 433 969 468 ego
988 433 1142 457 movear
1160 421 1232 457 hoc
1259 421 1460 467 causando,
1485 420 1536 457 sic
1562 420 1609 456 de
1638 419 1812 468 qualibet

190 462 239 486 the
285 461 376 486 result
428 461 460 485 of

188 494 319 532 rnaterial
338 501 369 518 or
390 494 455 519 sub-

186 532 292 560 Jective
302 534 410 554 causes.

187 1256 228 1282 iii.
263 1257 374 1283 Scotus’
404 1258 455 1282 3rd

188 1291 311 1316 Reason.
395 1291 454 1316 The

188 1325 321 1349 assumed
350 1328 453 1349 nature

187 1358 212 1383 is
236 1365 271 1382 an
296 1358 453 1383 individual

187 1391 331 1417 existence
358 1392 454 1417 before

186 1425 209 1450 it
234 1425 314 1456 gains
338 1433 453 1457 person-

186 1459 276 1491 ality:
307 1460 363 1484 and
392 1460 454 1484 God

188 1499 241 1518 can
257 1492 321 1523 give
339 1496 368 1518 to
389 1493 454 1518 that.

186 1526 379 1557 pre-existing
404 1534 452 1551 ex-

187 1560 294 1585 istence
337 1567 453 1591 person-

187 1593 257 1625 ality
280 1592 310 1618 in
333 1593 454 1618 another

186 1627 256 1651 than
269 1626 356 1653 itself.

186 1660 290 1692 Reply.
385 1660 453 1685 This

186 1694 283 1719 would
293 1701 380 1725 prove
390 1693 454 1719 that

187 1734 275 1759 every
350 1735 453 1758 person

186 1761 272 1786 could
298 1761 332 1786 be
362 1768 455 1786 some-

186 1794 263 1826 body
292 1794 367 1819 else:
398 1795 454 1819 and

186 1827 210 1853 it
221 1828 311 1859 really
324 1828 454 1853 involves

187 1868 204 1886 a
233 1861 382 1886 confusion
405 1862 453 1886 be-

188 1898 281 1920 tween
324 1895 387 1920 first
424 1895 454 1919 in

187 1929 271 1953 order
317 1929 348 1954 of
387 1928 454 1953 time

190 1961 306 1994 (prius),
321 1962 377 1987 and
392 1962 454 1986 first

188 2028 311 2059 thouqht
359 2028 455 2062 (supe—

186 2062 260 2120 fius)
287 2062 324 2088 cf.
341 2069 370 2094 p.
397 2063 454 2092 193,

185 2129 222 2154 In
229 2129 323 2154 Christ
332 2129 374 2161 (as
382 2128 454 2161 God)

187 2162 373 2194 personality,
388 2169 454 2193 sup-

187 2196 354 2228 positation‚
388 2196 454 2220 sub-

188 2229 349 2262 stantiality
390 2236 454 2260 pre-

189 2264 257 2288 cede
294 2263 339 2288 his
380 2262 454 2287 indi-

188 2296 334 2329 viduality
413 2297 454 2329 (as

187 2330 279 2363 man).

186 2002 218 2020 111
280 1997 364 2020 order
424 1995 459 2020 of

473 489 596 527 forma
615 489 820 527 materiali.
877 490 977 527 Ymo
1001 489 1047 527 de
1074 489 1268 527 accidente
1293 489 1486 539 spirituali
1514 489 1617 526 idem
1644 487 1809 534 dicitur;

473 562 519 596 ut
551 572 629 596 non
657 562 785 608 potest
815 561 944 596 actum
971 559 1126 596 volendi
1155 562 1327 596 creature
1359 559 1566 607 producere
1592 557 1597 607 Ι
1621 557 1697 594 nisi
1729 556 1812 605 ipsa
1831 556 1868 599 [C
1881 556 1960 600 958]

474 632 648 666 creatura
679 629 822 666 nedum
855 630 1056 666 concurrat
1086 641 1173 665 cum
1202 641 1244 665 eo
1273 627 1484 665 subiective
1514 627 1715 672 causando,
1747 626 1812 663 sed
1831 629 1853 664 5

473 701 512 735 et
531 698 651 735 eciam
671 697 873 745 coagendo.
929 697 1031 734 Ymo
1052 696 1083 734 si
1102 697 1205 734 ultra
1223 697 1466 746 perspicitur,
1487 696 1635 733 nullius
1655 694 1812 732 secundi

473 767 623 815 agentis
649 769 778 815 potest
805 766 928 803 deitas
947 766 1071 803 vicem
1101 766 1278 815 supplere
1308 766 1455 814 agendo
1483 765 1658 802 univoce.
1716 764 1810 801 Ideo

471 836 567 874 vicis
593 835 802 884 supplecio‚
827 849 914 872 cum
933 835 1027 872 dicit
1045 834 1312 872 inferioritatis
1332 834 1593 872 condicionem
1612 833 1807 880 vicariam,

470 918 548 942 non
566 907 694 954 potest
713 904 851 941 deitati
871 906 1098 953 competere.
1151 903 1312 945 Quando
1332 916 1419 952 ergo
1439 917 1508 952 per
1527 916 1565 940 se
1584 903 1810 940 miraculose

471 987 566 1023 opus
601 973 784 1022 perficit,1
821 973 924 1022 quod
959 974 1088 1022 posset
1123 972 1249 1009 facere
1286 985 1403 1020 agens
1440 972 1675 1009 2secundum
1712 971 1812 1008 alia²
1834 970 1879 1005 10

471 1043 623 1080 accione
643 1042 685 1079 in
705 1055 843 1090 genere
864 1055 951 1079 cum
971 1055 1037 1079 suo
1057 1041 1243 1089 regimine
1271 1041 1621 1078 instrumentaliter
1649 1041 1808 1088 efficere,

470 1126 547 1149 non
573 1112 728 1161 supplet
746 1111 871 1149 vicem
896 1111 1072 1160 agentis3
1101 1124 1171 1148 nec
1201 1123 1220 1148 e
1249 1113 1380 1148 contra
1409 1124 1496 1148 cum
1525 1110 1813 1148 conformantur

471 1181 512 1218 in
533 1194 684 1229 genere.

525 1250 569 1288 30
589 1251 719 1299 arguit
737 1250 882 1288 Doctor
902 1250 1004 1300 quod
1028 1252 1170 1287 natura
1197 1252 1393 1299 assumpta
1421 1251 1480 1287 est
1506 1249 1614 1298 prius
1642 1248 1811 1286 essencia

472 1319 676 1368 singularis
707 1333 823 1370 quam
855 1320 1148 1369 suppositatur;
1197 1309 1297 1367 ergo*
1316 1332 1384 1368 pro
1421 1318 1489 1356 illo
1526 1318 1647 1368 priori
1683 1320 1812 1368 potest
1833 1318 1877 1352 15

471 1389 577 1426 Deus
595 1401 797 1438 personare
817 1388 926 1425 illam
945 1391 1124 1425 naturam
1143 1388 1185 1425 in
1205 1389 1291 1425 alio.

525 1457 600 1495 Sed
636 1457 700 1495 hic
737 1458 893 1495 videtur
929 1458 1047 1495 michi
1078 1458 1182 1507 quod
1220 1457 1496 1507 consequencia
1533 1456 1584 1494 sit
1620 1456 1808 1505 neganda.

470 1526 572 1564 Nam
601 1527 714 1564 iuxta
743 1527 843 1564 illud
875 1529 1102 1576 sequeretur
1131 1527 1234 1576 quod
1261 1526 1427 1576 quilibet
1455 1528 1583 1575 potest
1613 1539 1692 1563 esse
1726 1525 1812 1576 qui-

470 1597 578 1634 libet.
635 1597 737 1633 Nam
766 1597 906 1634 Petrus
936 1596 1043 1646 prius
1080 1596 1226 1645 origine
1265 1599 1324 1634 est
1361 1596 1529 1633 essencia
1566 1609 1683 1645 quam
1720 1596 1811 1633 sub-

471 1665 641 1713 stancia;
681 1679 769 1714 ergo
799 1679 867 1715 pro
898 1666 966 1703 illo
996 1665 1115 1715 priori
1149 1666 1254 1703 Deus
1283 1668 1412 1714 posset
1440 1665 1566 1703 facere
1597 1678 1685 1702 eum
1716 1678 1810 1702 non·
1830 1667 1879 1701 20

472 1734 755 1781 substanciam3
787 1740 836 1782 et,
870 1748 958 1772 cum
985 1735 1092 1784 prius
1121 1734 1172 1772 sit
1200 1734 1420 1772 substancia
1448 1748 1565 1784 quam
1593 1747 1740 1783 corpus,
1773 1736 1812 1772 et

471 1804 578 1853 prius
607 1817 743 1853 corpus
771 1817 887 1854 quam
916 1804 1069 1851 animal,
1093 1806 1133 1841 et
1159 1804 1267 1853 prius
1299 1804 1442 1841 animal
1470 1817 1587 1854 quam
1613 1804 1737 1852 thO,
1767 1817 1811 1842 eo

473 1874 575 1923 quod
598 1887 708 1911 omne
738 1874 914 1923 superius
943 1877 1001 1912 est
1029 1887 1142 1912 causa
1171 1874 1230 1911 sui
1257 1873 1449 1911 inferioris
1465 1889 1473 1922 ;
1505 1874 1681 1923 sequitur
1709 1874 1812 1924 quod.

471 1945 598 1992 posset
625 1943 892 1981 indifferenter
918 1943 1003 1981 fieri
1029 1943 1293 1993 cuiuscunque
1322 1942 1463 1992 speciei
1491 1942 1707 1980 substancie
1730 1945 1811 1981 tam

473 2013 684 2050 secundum
704 2026 842 2062 corpus
863 2026 979 2062 quam
999 2012 1178 2050 animam.
1828 2024 1878 2059 25

526 2082 601 2119 Sed
632 2082 796 2119 ulterius
827 2095 895 2131 pro
928 2082 1088 2119 materia
1121 2080 1340 2130 argumenti
1367 2080 1511 2118 dicitur
1541 2080 1655 2130 quod,
1691 2094 1809 2130 quam

472 2150 595 2200 primo
642 2151 768 2201 quoad.
814 2150 1132 2200 consequenciam
1177 2149 1398 2187 humanitas
1445 2149 1589 2187 Christi
1633 2152 1692 2187 est
1736 2150 1812 2187 ista

473 2219 680 2267 singularis
706 2222 859 2266 natura,
890 2222 969 2257 tam
997 2219 1121 2269 primo
1152 2221 1210 2257 est
1236 2219 1320 2268 ipsa
1346 2232 1507 2268 persona
1534 2219 1665 2256 Verbi.
1722 2219 1759 2256 N
1762 2232 1811 2257 on

473 2289 575 2326 enim
594 2291 723 2338 posset
741 2288 957 2339 derelinqui
976 2302 1053 2326 non
1077 2291 1284 2337 assumpta,
1307 2301 1377 2325 nec
1396 2290 1482 2337 post
1507 2289 1810 2338 assumpcionem

473 2357 643 2405 dimitti3
674 2357 766 2408 quia
796 2360 890 2395 tunc
920 2358 1091 2405 indubie,
1115 2357 1216 2395 sicut
1244 2357 1415 2406 incepcio
1442 2357 1697 2395 humanitatis
1724 2371 1808 2406 pre·
1830 2364 1878 2399 30

473 2430 754 2476 supponeretur
797 2427 997 2476 prioritate
1050 2429 1307 2476 consequente
1327 2427 1339 2447 ³
1394 2427 1707 2475 assumpcionem,
1755 2427 1811 2465 ita

472 2496 691 2545 personacio
712 2499 849 2542 creata,
873 2509 961 2533 cum
987 2509 1066 2533 esse
1092 2495 1339 2533 individuum
1366 2495 1567 2532 racionalis
1595 2499 1732 2534 nature
1760 2496 1811 2535 sit

474 2578 553 2602 esse
582 2578 795 2614 personam.
851 2565 904 2602 Et
935 2567 1045 2614 patet
1078 2565 1181 2614 quod
1211 2564 1387 2602 Christus
1414 2565 1521 2613 prius
1550 2568 1607 2603 est
1634 2579 1806 2614 persona,

473 2633 724 2683 suppositum,
755 2634 819 2672 vel
845 2634 1035 2684 ypostasis
1064 2632 1179 2684 quam
1204 2633 1286 2682 ipse
1320 2635 1378 2671 est
1409 2636 1549 2671 natura
1577 2634 1808 2683 singularis3

234 2781 244 2802 ¹
268 2781 392 2824 perficit
407 2783 507 2814 altera
522 2793 606 2815 man.
624 2793 702 2815 corr.
719 2781 888 2825 perficiunt
904 2782 944 2814 A.
1099 2781 1149 2805 ²—2
1173 2781 1275 2813 solum
1290 2781 1347 2814 illa
1364 2781 1402 2815 B.
1565 2782 1578 2802 ³
1600 2782 1640 2814 ad
1656 2784 1726 2814 add.
1747 2782 1785 2816 O.
