2028 3346
189 215 274 255 216

207 2204 231 2228 I.
266 2202 296 2227 If
324 2202 419 2227 Christ
449 2201 474 2226 is

206 2243 292 2266 every
322 2243 397 2266 man,
428 2236 474 2260 He

206 2270 230 2295 is
254 2269 313 2295 still
334 2269 401 2301 only
421 2276 474 2294 one

206 2310 285 2328 man:
319 2303 362 2328 for
392 2310 475 2334 every

209 2344 276 2361 man
306 2336 329 2361 is
358 2343 374 2360 a
401 2339 474 2361 term

208 2370 278 2394 used
287 2370 316 2394 of
323 2370 391 2395 each
401 2370 474 2395 indi-

208 2403 306 2428 vidual
318 2410 394 2430 man.

810 229 1031 257 :IOHANNIS
1063 229 1232 256 WYCLIF
1640 225 1722 258 [cn.
1742 225 1815 251 XII.

479 346 699 396 predicatur
742 347 952 396 positivum
998 348 1045 385 de
1091 347 1221 396 aliquo
1257 347 1435 396 positivo,
1476 346 1579 396 quod
1619 345 1720 382 idem
1757 346 1816 381 est

479 416 624 454 directe
650 416 910 465 significatum
935 430 1004 466 per
1025 417 1265 466 predicatum
1292 420 1331 454 et
1359 416 1585 461 subiectum,
1610 414 1712 464 quod
1735 413 1815 450 suf-

479 485 564 522 ficit
593 484 640 522 ad
667 485 945 523 verificandum
973 486 1265 524 enunciaciones
1292 485 1513 523 huiusmodi
1546 497 1632 521 cum
1659 483 1816 532 paribus

482 567 556 603 que
575 557 789 603 ponuntur.
843 555 925 592 Nec
944 555 1048 592 valet
1074 555 1199 592 dicere
1225 555 1328 604 quod
1350 555 1483 591 nullus
1510 553 1601 590 talis
1628 551 1817 589 terminus

481 626 660 660 naturam
681 623 893 672 significat;
925 637 1013 661 cum
1034 624 1087 661 sic
1106 624 1178 661 iste
1198 624 1387 661 terminus
1406 623 1491 660 deus
1519 622 1566 659 de
1596 634 1664 658 sua
1690 621 1817 657 inten-
1837 630 1858 664 5

484 692 590 730 cione
609 692 792 742 primaria
809 693 1005 730 hominem
1025 696 1064 731 et
1083 706 1193 730 omne
1213 693 1426 730 assertibile
1453 691 1658 740 significat.

972 962 1084 1026 Cap.
1117 963 1268 1010 XIII.
1303 961 1308 1027 Ι
1843 967 1994 1011 [A102d]

548 1079 800 1137 [Confirmat
825 1082 996 1122 aliorum
1024 1083 1238 1122 sentencias
1268 1082 1382 1133 quod,
1411 1082 1447 1120 si
1479 1093 1609 1120 omnes
1637 1080 1820 1119 humani-

488 1159 587 1196 tates
630 1159 858 1205 assumeret,
903 1159 996 1196 tunc
1039 1170 1106 1196 nec
1133 1157 1250 1207 foret
1290 1169 1392 1195 unus
1433 1155 1546 1195 homo
1590 1167 1659 1194 nec
1706 1154 1825 1193 multi

486 1231 672 1280 homines,
715 1231 784 1270 sed
820 1233 859 1271 et
898 1232 1038 1271 unicus
1078 1234 1194 1282 atque
1235 1231 1393 1277 multi;
1442 1232 1480 1269 et
1519 1230 1574 1268 sic
1615 1228 1824 1268 coneordat

486 1306 766 1345 modernorum
788 1306 1004 1345 sentencias
1025 1319 1112 1344 eum
1134 1305 1320 1356 antiquis.

544 1380 782 1432 Assuminq,
815 1393 859 1419 as
881 1381 1037 1431 proved
1064 1381 1107 1419 in
1139 1380 1202 1419 the
1235 1380 1311 1419 last
1341 1380 1505 1430 chapter
1536 1377 1592 1432 (p.
1617 1376 1735 1431 203),
1760 1377 1823 1416 the

489 1455 602 1494 truth
623 1455 672 1506 of
687 1455 751 1494 the
772 1455 921 1494 dictum
943 1455 992 1506 of
1015 1453 1077 1495 St.
1105 1454 1276 1494 Thomas
1301 1455 1387 1493 that
1407 1454 1448 1505 if
1476 1452 1613 1494 Christ
1644 1452 1827 1492 assumed

487 1542 609 1580 many
642 1529 894 1577 humanities,
921 1529 991 1569 He
1025 1530 1156 1569 would
1182 1528 1224 1568 be
1260 1542 1382 1579 many
1412 1541 1533 1567 men:
1568 1528 1631 1566 the
1662 1527 1824 1566 modern

487 1605 580 1644 view
600 1605 634 1643 is
655 1605 873 1655 supported
892 1605 979 1643 that
999 1603 1068 1644 He
1090 1604 1274 1643 assumed
1292 1601 1349 1643 all
1370 1602 1622 1650 humanities,
1647 1602 1729 1641 and
1746 1614 1825 1640 was

489 1679 648 1730 thereby
671 1679 761 1718 both
781 1691 872 1718 THE
894 1691 981 1718 ONE
1003 1690 1100 1718 MAN
1122 1679 1205 1718 and
1229 1679 1311 1717 also
1334 1691 1454 1729 many
1475 1690 1563 1717 men
1576 1691 1591 1725 ,·
1625 1677 1707 1716 and
1734 1677 1824 1715 thus

487 1754 667 1805 opinions
688 1767 757 1793 are
777 1754 994 1793 reconeiled
1013 1753 1096 1792 and
1116 1753 1179 1792 the
1202 1753 1316 1803 unity
1336 1752 1385 1804 of
1400 1752 1512 1791 truth
1534 1747 1802 1804 established]

540 1851 688 1889 Habito
736 1852 839 1901 quod
881 1851 1059 1889 Christus
1103 1850 1332 1888 assumendo
1377 1849 1520 1886 multas
1564 1848 1827 1886 humanitates

488 1920 590 1959 foret
628 1924 909 1971 consequenter
944 1920 1060 1958 multi
1096 1920 1282 1967 homines,
1323 1921 1368 1956 ut
1414 1918 1627 1956 sentenciat
1672 1920 1827 1955 sanctus

490 1991 680 2038 Thomas3
717 1991 903 2040 probatur
937 1991 1051 2040 quod,
1081 1989 1112 2027 si
1140 2002 1271 2026 omnes
1310 1988 1572 2025 humanitates
1601 1989 1823 2032 assumeret,
1849 1989 1894 2024 10

490 2060 590 2097 foret
609 2060 746 2097 unicus
764 2060 877 2097 homo
896 2062 1062 2107 tantum,
1085 2062 1130 2097 ut
1148 2058 1402 2096 recentissimi
1422 2057 1630 2095 scribentes
1653 2059 1828 2094 asserunt

492 2129 585 2166 satis
603 2142 706 2166 vere.

544 2198 645 2235 Nam
672 2199 743 2236 hoc
762 2198 899 2247 posito,
922 2198 1044 2235 omnis
1062 2198 1175 2235 homo
1194 2198 1294 2235 foret
1313 2196 1436 2234 omnis
1454 2197 1566 2233 homo
1582 2211 1591 2244 ;
1621 2209 1710 2244 ergo
1729 2196 1828 2233 foret

493 2268 728 2305 solummodo
754 2281 855 2305 unus
884 2268 1010 2304 homo.
1066 2267 1311 2304 Antecedens
1342 2269 1451 2316 patet
1481 2279 1550 2315 per
1577 2269 1824 2315 exponentes,

493 2350 580 2374 cum
608 2338 721 2374 homo
756 2337 933 2375 Christus
966 2336 1017 2374 sit
1046 2337 1168 2374 omnis
1200 2337 1335 2384 homo;
1364 2339 1410 2373 ut
1438 2338 1546 2385 patet
1573 2348 1642 2384 per
1672 2347 1827 2372 conver-
1850 2331 1894 2365 15

493 2406 648 2453 sionem,
671 2406 793 2444 omnis
818 2407 930 2443 homo
959 2408 1017 2443 est
1045 2405 1233 2443 Christus.
1290 2405 1390 2442 Nam
1419 2404 1450 2442 si
1478 2404 1519 2441 in
1546 2404 1618 2442 tali
1643 2417 1732 2441 casu
1751 2417 1828 2441 non

492 2475 615 2512 omnis
644 2476 756 2513 homo
794 2476 844 2513 sit
878 2475 1065 2522 Christus,
1100 2488 1186 2512 cum
1223 2475 1333 2511 nulla
1368 2476 1509 2511 natura
1546 2476 1741 2522 assumpta
1777 2473 1829 2510 sit

492 2545 615 2592 homo,
638 2547 684 2582 ut
703 2545 838 2582 dicunt
863 2545 1122 2596 concorditer3
1153 2544 1330 2594 sequitur
1358 2543 1460 2593 quod
1488 2543 1642 2592 aliqua1
1667 2556 1828 2591 persona

492 2614 538 2651 de
562 2614 685 2663 specie
708 2615 877 2651 humana
895 2627 972 2651 non
992 2614 1043 2652 sit
1063 2614 1251 2660 Christus,
1275 2616 1314 2651 et
1332 2613 1440 2650 illam
1459 2626 1658 2662 personam
1678 2615 1828 2661 oportet

491 2683 534 2720 in
566 2696 655 2721 casu
686 2683 810 2733 posito
841 2683 965 2721 dicere
998 2684 1170 2720 Verbum
1202 2683 1291 2720 Dei.
1348 2683 1423 2720 Sed
1451 2684 1601 2720 constat
1630 2681 1732 2731 quod
1759 2681 1828 2718 illa
1846 2679 1896 2714 20

958 2776 968 2795 ¹
994 2776 1057 2807 alia
1074 2775 1110 2808 C.
