2028 3346
230 242 298 268 off.
323 241 374 274 10]
664 242 722 269 DE
753 242 1002 269 BENEDICTA
1033 241 1375 269 INCARNACIONE.
1754 223 1835 265 171

229 374 297 409 pro
316 360 478 398 instanti
496 359 770 397 incarnacionis
789 360 927 396 Petrus
946 359 1069 396 fidelis
1089 361 1289 406 cognoscat
1307 357 1478 394 Verbum
1498 355 1555 392 di-

229 429 362 465 vinum
381 442 483 465 nuno
504 442 581 466 esse
601 429 726 465 Deum
746 430 786 464 et
804 427 953 475 ignoret
973 427 1073 476 quod
1092 440 1194 463 nunc
1221 426 1270 463 sit
1297 426 1408 462 homo
1426 439 1434 471 ;
1463 427 1557 461 111110

228 499 336 546 patet
363 498 465 547 quod
493 497 890 546 sequitur—Verbum
915 496 1091 533 divinum
1108 508 1210 532 nunc
1231 508 1309 531 non
1328 496 1386 531 est
1411 492 1559 542 aliquid

230 566 324 615 quin
351 566 423 603 iste
452 567 589 603 Petrus
617 565 746 602 nuncl
780 567 980 612 cognoscat
1012 564 1139 613 ipsum
1169 577 1248 600 esse
1282 562 1453 612 aliquid:
1495 562 1559 598 sed

190 633 210 666 5
230 635 401 671 Verbum
433 635 608 671 divinum
639 648 741 671 nunc
781 636 839 671 est
869 635 1006 670 homo:
1067 646 1155 680 ergo
1188 633 1326 669 Petrus
1366 629 1559 678 cognoscit

230 703 355 752 ipsum
373 716 475 740 nunc
495 716 574 740 esse
593 702 849 739 hominem—.
903 702 980 739 Hic
1001 701 1103 738 enim
1122 714 1198 737 non
1218 703 1276 737 est
1294 699 1448 736 fallacia
1463 697 1559 735 acci-

232 772 368 818 dentis,
392 785 479 808 cum
500 771 684 816 Christus,
706 771 747 807 in
767 773 955 820 quantum
977 771 1101 816 homo,
1126 770 1176 806 sit
1203 768 1373 817 aliquid:
1406 770 1445 804 et
1473 779 1560 803 con-

233 854 394 889 sequens
427 843 484 877 est
509 840 676 877 falsum:
716 840 799 877 ideo
827 839 1063 888 relinquitur
1090 839 1193 888 quod
1219 837 1364 874 maior:
1405 849 1455 873 ex
1483 848 1558 884 quo

235 909 409 958 sequitur
427 909 574 958 aliquid
593 922 671 946 esse
690 922 792 945 nunc
806 908 988 953 Verbum,
1012 908 1113 956 quod
1132 907 1268 944 Petrus
1287 918 1389 942 nunc
1408 905 1560 952 ignorat

170 977 216 1011 10
235 991 314 1015 0550
342 978 524 1023 Verbum,
554 978 656 1027 quod
681 991 757 1014 non
778 979 905 1025 potest
928 976 1019 1025 poni
1042 976 1175 1013 deitas.
1244 974 1287 1011 30
1313 974 1560 1012 confirmatur

236 1060 285 1083 ex
311 1047 381 1083 1100
410 1047 511 1095 quod
539 1046 734 1095 quantitas
761 1048 800 1083 et
828 1048 953 1082 cetera
980 1044 1194 1082 accidencia
1215 1057 1293 1080 non
1319 1045 1408 1080 sunt
1436 1055 1558 1079 essen-

237 1115 385 1152 cialiter
413 1115 618 1151 distincta2
650 1128 671 1151 a
708 1114 911 1151 subiectis:
952 1127 1040 1161 ergo
1072 1113 1194 1150 multo
1232 1111 1451 1149 evidencius
1487 1111 1559 1147 hu-

236 1184 399 1221 manitas
418 1186 475 1220 est
496 1184 620 1220 homo.

291 1252 423 1293 Quoad
452 1251 563 1289 2da¹1¹3
590 1254 696 1300 patet
726 1251 886 1289 cuilibet
912 1250 1058 1288 volenti
1086 1251 1296 1295 advertere,
1325 1248 1429 1298 quod
1457 1248 1562 1295 glosa
1579 1253 1639 1278 viii·
1670 1254 1788 1278 Answer
1814 1256 1844 1278 to

1579 1287 1628 1311 the
1647 1287 1749 1311 second
1763 1287 1844 1318 reply

173 1324 218 1357 15
239 1324 296 1358 est
331 1321 444 1358 nimis
476 1324 660 1359 extranea
687 1323 815 1369 preter
844 1323 1012 1357 mentem
1042 1322 1258 1356 sanctorum
1280 1333 1288 1365 3
1327 1320 1372 1354 ut
1409 1317 1561 1366 quando
1579 1319 1611 1384 af)
1631 1320 1682 1377 1¹13
1704 1320 1844 1384 <l>bj125t0ss

1615 1372 1620 1378 .
1688 1372 1694 1385 ‚
1720 1372 1726 1377 .
1790 1373 1796 1378 .

238 1390 491 1437 Augustinus,
516 1390 732 1438 Gregorius,
755 1388 982 1434 Ieronimus,
1006 1388 1222 1433 Anselmus,
1252 1389 1291 1424 et
1319 1386 1386 1423 alii
1413 1387 1558 1432 dicunt,
1579 1386 1846 1449 Regiflgffigsegfflss

239 1459 341 1507 quod
380 1462 543 1507 utraque
589 1458 816 1503 substancia,
858 1457 1003 1494 scilicet
1047 1456 1177 1493 divina
1213 1458 1253 1493 et
1287 1456 1465 1501 humana,
1506 1458 1563 1492 est
1580 1451 1846 1509 fficssioflatgfc'mffig

240 1527 425 1572 Christus,
447 1527 540 1563 dicit
559 1527 663 1574 glosa
681 1527 782 1575 ipsos
801 1539 868 1574 per
892 1526 962 1562 hoc
985 1525 1193 1570 intendere,
1217 1524 1319 1573 quod
1344 1524 1464 1560 altera
1488 1537 1564 1560 non
1580 1518 1658 1549 mam
1670 1518 1812 1549 meaning.

240 1598 297 1632 est
335 1595 518 1641 Christus,
560 1596 625 1632 sed
659 1598 797 1631 natura
833 1594 925 1639 eius,
966 1606 1035 1630 1100
1073 1592 1300 1630 conveniens
1337 1592 1489 1629 secum4
1524 1592 1566 1629 in

172 1670 220 1703 20
241 1664 407 1702 essencia
437 1677 506 1701 nec
538 1677 709 1712 persona.
765 1663 837 1699 Pro
869 1665 970 1699 certo
999 1662 1102 1699 inter
1133 1675 1279 1698 omnes¹
1299 1661 1433 1709 glosas,
1470 1674 1565 1710 quas

240 1746 411 1782 unquam
431 1732 649 1769 audiveram
670 1734 727 1768 est
744 1732 814 1768 hec
833 1730 1030 1776 inculcior‚
1055 1730 1199 1777 glosare
1219 1730 1321 1766 dicta
1349 1732 1565 1766 sanctorum

242 1802 383 1838 directe
406 1814 475 1850 per
503 1814 570 1837 sua
597 1800 781 1849 opposita.
838 1799 908 1846 Si,⁵
934 1799 1104 1848 inquam,
1127 1798 1201 1835 ista
1229 1799 1333 1846 glosa
1361 1799 1561 1844 sufficeret,

243 1870 328 1919 quis
364 1869 587 1906 formidaret
631 1868 896 1906 auctoritatem
941 1867 1014 1904 sibi
1059 1866 1307 1916 oppositam?
1377 1868 1389 1888 ⁶
1409 1866 1484 1904 Sed
1520 1869 1566 1904 ut

90 1951 133 1993 [A
145 1950 223 1992 9722]
242 1939 430 1987 pallient6
465 1939 607 1986 glosam
646 1951 763 1983 suam,
806 1937 1009 1973 dimittunt
1053 1936 1259 1973 verbaliter
1303 1935 1565 1984 negaltivam⁷

174 2013 221 2047 25
243 2007 411 2044 dicentes
443 2007 543 2056 quod
574 2006 817 2054 Augustinus
845 2005 1013 2042 intendit
1042 2008 1244 2054 utramque
1277 2008 1454 2042 naturam
1485 2018 1564 2041 esse

241 2079 417 2113 naturam
438 2075 591 2112 Christi.
648 2074 806 2116 Quando
827 2077 955 2111 autem
979 2074 1154 2123 queritur
1171 2076 1302 2110 utrum
1320 2073 1565 2121 Augustinus

240 2144 408 2181 intendit
436 2147 637 2193 utramque
662 2146 839 2180 naturam
858 2156 937 2180 esse
959 2143 1165 2188 Christum,
1189 2142 1323 2179 dicunt
1346 2143 1448 2191 quod
1473 2155 1560 2188 non,

242 2213 307 2249 sed
325 2216 528 2262 utramque
544 2225 623 2249 esse
638 2214 813 2249 naturam
835 2211 990 2249 Christi.
1036 2212 1088 2248 Et
1107 2211 1257 2260 quando
1272 2210 1435 2247 ulterius
1451 2223 1564 2259 oppo-

241 2281 359 2327 nitur,
389 2281 444 2317 518
470 2281 678 2318 intenderit
699 2284 876 2317 naturam
898 2281 1104 2316 humanam
1130 2293 1208 2316 esse
1236 2279 1441 2323 Christum,
1466 2279 1566 2315 sicut

175 2359 222 2393 30
241 2350 408 2387 intendit
435 2352 612 2386 naturam
639 2349 808 2386 divinam
835 2362 914 2385 0550
944 2348 1150 2394 Christum,
1176 2348 1310 2385 dicunt
1338 2348 1439 2396 quod
1462 2360 1562 2383 non:

242 2421 281 2455 et
311 2418 388 2455 sio⁹
417 2418 585 2455 finaliter
613 2417 789 2455 incidunt
821 2416 862 2453 in
895 2418 1038 2465 glosam
1071 2417 1265 2466 yronicam
1296 2416 1563 2464 supradictam.

243 2487 318 2524 Sed
346 2500 461 2536 quam
490 2486 686 2523 sinistrum
715 2488 772 2523 est
802 2486 926 2523 dicere
958 2486 1062 2535 quod
1094 2489 1172 2523 tam
1201 2485 1359 2522 subtiles
1386 2484 1500 2532 logici
1529 2486 1567 2521 et

299 2647 310 2667 1
334 2658 416 2678 nunc
432 2659 489 2678 om.
509 2647 557 2685 B;
582 2657 646 2678 non
663 2647 701 2678 O.
1342 2644 1356 2664 ²
1379 2644 1524 2676 distincte
1549 2644 1587 2676 O.

298 2689 311 2709 3
333 2690 463 2721 tercium
479 2691 507 2720 A
519 2690 544 2720 B
557 2690 580 2721 C
595 2701 601 2725 ;
627 2692 678 2721 sed
692 2692 726 2721 de
742 2689 876 2721 secunda
892 2689 1090 2730 responsione
1109 2689 1160 2731 (p.
1182 2689 1251 2728 167,
1273 2690 1294 2720 Ζ.
1314 2689 1366 2727 20)
1385 2699 1466 2718 mmo
1482 2690 1597 2726 aqitur.

299 2732 312 2752 ⁴²
335 2743 438 2763 secum
454 2744 511 2763 om.
529 2734 557 2763 A
572 2732 597 2764 B
610 2732 646 2764 C.
906 2732 918 2751 ⁵
942 2732 994 2763 sed
1012 2732 1048 2763 C.
1351 2731 1398 2753 ⁰—6
1422 2730 1475 2761 sed
1490 2730 1560 2772 plus
1576 2730 1742 2772 pallientes
1760 2730 1798 2762 O.

300 2776 311 2796 ⁷
335 2776 537 2818 [legacionem
554 2775 588 2807 C.
903 2774 915 2794 Β
938 2774 991 2806 sed
1008 2774 1045 2806 O.
1348 2774 1360 2793 ⁹
1383 2773 1456 2815 quia
1471 2774 1513 2804 sit
1529 2775 1568 2805 Ο.
