2028 3346
137 245 220 286 112

263 595 318 621 Job
331 603 360 621 x.
374 596 400 621 5.

132 870 163 888 so
185 862 244 888 also
264 863 379 888 Anselm
390 870 398 895 ς

133 1012 149 1030 a
163 1004 290 1029 doctrine
303 1011 400 1030 neces-

133 1045 199 1070 sary
219 1042 247 1062 to
278 1038 327 1063 the
349 1046 400 1063 un-

209 1072 256 1097 Ps.
270 1072 341 1097 xxii.
359 1073 398 1097 16.

133 1104 325 1137 deu-standing
371 1105 403 1131 os

134 1138 289 1170 scripture,

143 1489 252 1516 Eccles.
264 1489 346 1515 xlvii.
358 1490 398 1521 11,

132 1539 188 1564 ancl
208 1539 277 1565 fatal
298 1542 327 1564 to
351 1539 400 1565 the

131 1573 221 1598 above
255 1573 400 1605 objection

133 1607 174 1639 (p.
189 1607 246 1638 109,
260 1607 281 1632 l.
297 1608 353 1638 21).

132 1706 224 1732 Three
237 1707 320 1732 other
335 1715 399 1739 pos-

131 1740 201 1765 sible
240 1748 336 1766 senses
371 1741 400 1766 in

130 1774 226 1799 which
248 1775 255 1787 ὅ
273 1775 399 1799 Wisdom

133 1807 158 1832 is
183 1815 263 1833 more
281 1808 400 1839 moving

131 1840 200 1866 than
208 1849 264 1874 any
270 1841 400 1868 motion,⁵

736 257 959 286 ‚IOHANNIS
989 256 1161 284 WYCLIF
1587 252 1671 286 [CAP.
1690 253 1756 280 VII.

419 379 646 427 pretereunt
684 376 796 414 eius1
833 375 983 413 intuitu
1030 388 1178 424 semper
1222 373 1419 423 presencia
1457 373 1671 411 assistunt:
1722 375 1762 410 et

420 446 682 495 exemplificat
715 445 807 483 satis
836 445 1063 482 notabiliter
1097 448 1175 482 340.
1208 444 1417 481 Moralium
1448 449 1520 481 ca0.
1556 445 1609 481 50.
1636 443 1761 492 tripli-

420 516 545 553 citer:
590 516 691 552 unde
739 519 790 551 90.
831 515 1040 551 Moralium
1079 518 1126 551 25
1166 516 1409 563 expresserat
1445 513 1546 550 illud
1582 512 1761 549 diffusius

420 597 617 633 exponens
636 584 737 620 illud
762 584 845 621 Iob.
873 587 931 622 10.
992 583 1217 632 ‘Numquid
1243 583 1343 620 sicut
1370 582 1452 619 dies
1478 582 1657 629 hominis,
1680 581 1762 618 dies

419 654 533 691 tui?’
595 653 719 699 ‘Deo,
755 653 898 703 inquit,
932 666 1003 690 nec
1036 655 1231 689 transacta
1259 653 1497 701 pretereunt,
1532 664 1603 688 nec
1636 651 1761 688 adhuc
1781 656 1803 690 5

418 726 595 769 ventura,
632 736 706 773 que
736 736 814 759 non
846 725 1045 771 apparent,
1079 722 1249 769 desunt3
1285 721 1377 771 quia
1409 721 1454 768 is,
1488 721 1582 770 qui2
1613 733 1763 770 semper

419 805 499 829 esse
532 793 650 829 habet
677 794 817 829 cuncta
845 791 918 828 sibi
945 791 1155 840 presencia,
1187 790 1399 839 conspicit.’
1456 791 1509 828 Et
1535 790 1638 827 idem
1666 789 1762 827 dicit

419 861 626 898 Anselmus
657 861 905 909 Monologion
942 864 1018 898 190.
1075 861 1181 907 Ideo,
1215 863 1262 897 ut
1295 873 1382 909 sepe
1416 860 1512 906 dixi,
1541 859 1617 896 nisi
1649 873 1760 897 omne

417 932 571 979 tempus
596 929 601 981 Ι
625 930 855 979 preteritum
882 930 946 968 vel
972 930 1151 967 futurum
1179 929 1299 966 fuerit
1326 929 1407 966 Deo
1432 942 1600 978 presens,
1631 931 1760 978 pater·
1779 932 1824 975 [A
1836 934 1914 977 890]

419 1002 534 1036 entur
569 999 743 1048 theologi
779 1012 938 1047 magnas
977 999 1176 1047 angustias
1216 999 1258 1035 in
1297 998 1567 1048 exposicione³
1596 999 1759 1048 scriptu·
1781 997 1827 1031 10

418 1081 549 1105 rarum
585 1072 629 1106 ut
666 1069 730 1106 Ps.
766 1072 845 1107 210.
880 1071 1053 1117 tempore
1091 1068 1219 1105 David
1255 1067 1351 1105 dicit
1388 1067 1492 1105 dicta
1529 1067 1756 1117 Sapiencia:

422 1137 655 1175 ‘foderunt4
685 1151 823 1175 manus
852 1151 956 1175 meas
987 1141 1026 1175 et
1055 1138 1171 1187 pedes
1204 1137 1355 1174 meos2'
1394 1140 1433 1174 et
1463 1136 1516 1174 sic
1549 1137 1596 1174 de
1626 1136 1761 1174 multis

420 1207 632 1256 scripturis,
656 1220 731 1257 que
753 1207 958 1256 pueriliter
985 1210 1112 1244 essent
1141 1207 1222 1244 sine
1250 1206 1402 1244 racione
1430 1206 1553 1255 posite
1569 1209 1581 1228 ⁵
1607 1207 1677 1244 sub
1705 1206 1761 1244 ita

419 1276 624 1325 disparatis
642 1277 897 1326 temploribus
921 1277 997 1314 nisi
1022 1277 1070 1313 ad
1097 1276 1399 1325 imprimendum
1425 1275 1491 1312 in⁶
1518 1275 1628 1313 nobis
1657 1277 1759 1325 quod
1779 1282 1819 1325 [0
1831 1283 1934 1327 225d]

417 1344 605 1382 immensa
634 1345 709 1383 Dei
735 1346 918 1383 eternitas
944 1345 1134 1383 coassistit
1162 1345 1267 1382 omni
1293 1344 1458 1394 tempori
1485 1345 1670 1394 preterito
1696 1348 1758 1383 et⁷
1782 1346 1826 1380 15

417 1414 563 1453 futuro.
632 1416 745 1453 Unde
783 1416 832 1453 ad
861 1416 978 1453 istum
1012 1428 1165 1453 sensum
1194 1415 1369 1465 loquitur
1405 1414 1598 1463 sapiencia
1629 1416 1759 1453 Eccle-

419 1483 562 1521 siastici
590 1484 683 1521 470:
719 1487 728 1504 ‘
746 1483 923 1521 Christus
950 1483 1162 1533 purgavit⁸
1188 1486 1344 1533 peccata
1369 1483 1518 1532 ipsius.'
1575 1484 1628 1521 Et
1652 1487 1761 1532 patet

419 1552 522 1602 quod
549 1552 653 1590 facta
679 1552 871 1590 instancia
898 1566 976 1589 non
1003 1553 1209 1601 impugnat
1238 1565 1392 1589 sensum
1419 1553 1554 1590 datum
1574 1553 1623 1590 ad
1645 1553 1761 1591 istam

419 1621 659 1671 scripturam,
686 1622 887 1659 ‘omnibus
906 1622 1085 1659 mobilior
1103 1624 1162 1659 est
1182 1621 1407 1671 Sapiencia.'

472 1692 572 1729 Sunt
590 1695 720 1729 autem
740 1692 856 1730 multi
876 1692 944 1729 alii
972 1705 1104 1729 sensus
1122 1692 1215 1729 huic
1236 1692 1366 1729 littere
1386 1692 1588 1741 adaptati.⁹
1643 1693 1698 1731 Ut
1716 1693 1759 1731 hi
1777 1697 1826 1731 20

418 1760 553 1798 dicunt
573 1762 676 1811 quod
700 1761 900 1799 extensive
928 1762 1120 1811 loquendo
1149 1761 1195 1798 de
1223 1763 1331 1798 motu
1360 1761 1563 1810 Sapiencia
1589 1762 1760 1800 increata

417 1834 595 1867 movetur
622 1830 810 1868 obiective
840 1844 862 1867 a
891 1831 1055 1879 cognitis
1077 1830 1376 1868 terminantibus
1402 1831 1484 1868 eius
1504 1834 1645 1869 actum.
1702 1832 1759 1870 Hi

418 1900 554 1937 dicunt
581 1913 669 1937 cum
696 1903 753 1937 tot
783 1900 861 1937 sint
889 1902 1018 1937 motus
1047 1913 1187 1948 genera
1216 1904 1311 1950 quot
1339 1902 1379 1937 et
1407 1902 1558 1947 entes,¹⁰
1585 1904 1625 1938 et
1651 1901 1759 1939 Deus

416 1969 465 2006 ad
502 1983 652 2006 omnem
706 1972 897 2019 punctum
951 1969 1087 2006 mundi
1138 1969 1319 2007 continue
1360 1970 1531 2019 adquirit
1573 1971 1754 2019 dominia,

416 2041 475 2075 est
519 2038 561 2075 in
607 2039 676 2076 illa
721 2039 890 2076 manerie
936 2041 1063 2076 motus
1108 2039 1311 2076 relacionis
1359 2043 1529 2077 ‘summe
1575 2041 1755 2079 mobilis)
1776 2047 1824 2081 25

416 2107 542 2145 Tercii
572 2110 702 2145 autem
735 2108 871 2145 dicunt
904 2108 1006 2157 quod
1035 2108 1076 2145 in
1108 2108 1212 2145 omni
1241 2111 1349 2145 motu
1380 2112 1437 2146 est
1466 2109 1556 2146 dare
1585 2110 1759 2148 ordinem

415 2177 629 2226 prioritatis
649 2180 688 2214 et
707 2177 1041 2226 posterioritatis¹¹
1068 2178 1278 2215 secundum
1307 2178 1558 2215 successivam
1586 2179 1757 2216 denomi-

415 2246 655 2284 nacionem12
678 2246 841 2284 subiecti
860 2247 901 2283 in
920 2247 1080 2284 materia
1099 2249 1238 2292 motus,
1262 2250 1301 2284 et
1320 2260 1429 2284 omne
1449 2247 1527 2284 tale
1547 2249 1757 2285 secundum

417 2329 496 2353 esse
516 2316 765 2364 intelligibile
786 2317 1007 2354 ordinatum
1028 2319 1067 2354 et
1086 2316 1321 2365 descriptum
1335 2317 1360 2337 ¹3
1379 2319 1437 2353 est
1465 2317 1689 2354 eternaliter
1715 2318 1757 2355 in

417 2386 618 2435 Sapiencia
636 2386 817 2433 increata,
841 2388 881 2423 et
900 2386 1111 2423 secundum
1132 2385 1220 2422 illas
1248 2385 1418 2423 raciones
1445 2385 1588 2423 dicitur
1615 2387 1756 2435 figura·
1775 2397 1824 2431 30

414 2456 495 2493 tive
519 2459 688 2493 ‘summe
709 2455 889 2493 mobilis.'
948 2455 1023 2493 Sed
1041 2455 1145 2504 prior
1165 2455 1369 2504 exposiciO,
1393 2468 1480 2492 cum
1502 2455 1552 2493 sit
1570 2455 1757 2494 literalior

416 2525 462 2562 de
483 2524 630 2562 virtute
651 2524 848 2572 sermonis,
871 2524 1009 2572 verior,
1033 2527 1072 2562 et
1091 2524 1183 2561 fidei
1202 2524 1442 2570 conformior,
1464 2525 1553 2574 plus
1572 2526 1753 2574 placeret.

192 2648 203 2664 ¹
229 2644 296 2675 eius
312 2655 369 2675 om.
389 2644 427 2675 O.
815 2645 829 2664 2
851 2643 901 2675 his
918 2654 978 2685 que
996 2644 1035 2675 Ο.
1351 2644 1363 2664 ³
1390 2644 1645 2686 exposicionibus
1664 2645 1690 2676 O
1704 2644 1752 2678 M.

190 2687 204 2707 4
227 2687 355 2718 fodiunt
372 2688 410 2719 Ο.
814 2688 828 2707 5
851 2687 955 2729 posita
972 2686 995 2718 C
1011 2687 1050 2718 O.
1347 2687 1359 2706 ὃ
1383 2687 1417 2718 in
1434 2699 1488 2718 om.
1507 2689 1536 2718 A
1549 2688 1575 2718 B
1588 2688 1624 2719 C.

191 2730 204 2750 ⁷
228 2730 278 2761 vel
296 2730 334 2761 Ο.
809 2731 822 2750 Β
845 2731 1002 2772 pugnavit
1020 2730 1058 2761 Ο.
1345 2730 1358 2749 ⁹
1381 2730 1515 2773 dapnati
1532 2731 1571 2762 Ο.

176 2773 204 2792 ¹⁰
227 2773 309 2804 entis
326 2775 355 2804 A
369 2773 394 2804 B
408 2773 446 2807 C.
798 2774 822 2793 ¹1
847 2777 879 2805 et
894 2773 1138 2815 posterioritatis
1155 2785 1213 2805 om.
1233 2774 1262 2804 A
1275 2772 1302 2804 B
1315 2773 1351 2805 C.

176 2816 203 2837 ¹²
227 2816 467 2848 denotacionem
485 2817 523 2849 O.
799 2817 827 2837 ¹3
850 2816 1038 2859 discriptum
1055 2817 1093 2849 O.
