2028 3346
247 230 312 273 xii
925 239 1138 268 PREFACE.

248 361 450 400 exhibent.
507 360 679 398 Litterae
698 358 871 397 initiales
890 357 1042 408 prologi
1061 359 1101 395 et
1123 356 1240 406 primi
1268 356 1433 406 capituli
1461 356 1582 395 variis
1611 355 1806 394 coloribus

248 423 315 460 sed
341 421 500 472 pessimi
529 423 669 469 gustus
697 419 897 469 depictae3
928 421 1079 456 ceterae
1107 418 1339 468 plerumque
1368 419 1510 455 desunt
1539 419 1577 455 et
1606 417 1740 454 eodem
1758 419 1806 454 ut

246 482 290 520 in
319 481 369 521 A.
400 481 527 519 codice
561 480 659 518 1387
688 480 800 517 modo
829 478 1022 516 indicatae
1051 480 1155 516 sunt.
1212 478 1339 516 Notae
1367 477 1600 527 marginales
1627 489 1736 514 rarae
1765 478 1807 514 et

248 543 398 581 nullius
417 542 603 580 momenti
621 554 701 579 non
720 542 933 578 consonant
953 539 1089 588 glossis
1110 539 1201 577 Cod.
1227 539 1340 577 1387.

305 604 442 642 Codice
462 604 565 641 4307
587 602 836 640 continentur
854 601 879 639 J
881 601 1051 638 ohannes
1072 600 1188 649 Ssarp
1209 600 1415 638 Tractatus
1434 600 1493 637 De
1512 599 1681 637 Anima:
1713 598 1739 636 J
1741 598 1803 635 oh.

249 664 395 703 Wiclef
414 665 471 701 De
493 662 779 712 Composicione
798 661 979 699 hominis.
1037 661 1150 699 Idem
1174 661 1234 698 De
1253 660 1562 699 Universalibus.
1619 659 1732 697 Idem
1757 659 1805 696 de

249 725 539 763 Incaruacione-
596 724 801 761 Tractatus
829 723 888 760 De
918 724 1006 760 ente
1034 722 1077 759 in
1106 721 1314 760 communi.
1371 721 1578 760 Tractatus
1610 720 1670 758 De
1703 720 1806 757 Ente

253 787 295 823 in
316 785 559 835 particulari.

307 846 347 885 C.
379 845 471 886 cod.
506 844 682 884 Vindob.
722 843 830 883 4504
867 845 1105 882 chartaceus.
1149 847 1224 881 153
1261 843 1345 881 foll.
1387 846 1466 881 4to.
1505 843 1588 880 Fol.
1631 840 1812 879 37-110b

251 910 463 946 tractatum
501 907 547 944 de
579 905 857 944 Inoarnacione
897 905 1111 943 continent.
1187 905 1389 954 Scriptura
1426 903 1548 942 codici
1587 902 1690 940 4307
1728 902 1812 940 fere

251 981 403 1006 coaeva.
473 968 644 1012 Titulus,
679 967 836 1004 litterae
866 965 1049 1012 initiales,
1084 968 1212 1011 notae,
1255 964 1489 1013 marginales
1526 964 1681 1001 desunt.
1749 963 1813 1000 Dc

251 1029 388 1066 Bened.
410 1029 490 1066 Ino.
512 1029 571 1066 Jo.
602 1027 745 1076 Wiklc'f
756 1041 779 1064 a
796 1040 916 1064 manu
936 1040 1008 1064 sec.
1035 1026 1081 1064 17
1102 1026 1144 1063 in
1172 1025 1286 1063 initio
1315 1027 1507 1063 tractatus
1536 1025 1726 1073 scriptum
1754 1037 1807 1061 ex

251 1090 429 1138 EoepZz‘cit
469 1090 720 1138 desumptum
767 1090 838 1126 est.
914 1087 1096 1136 Capitula
1131 1086 1275 1136 partim
1312 1086 1390 1123 alia
1427 1099 1544 1123 manu
1590 1087 1810 1131 numerata,

250 1151 394 1200 partim
426 1150 597 1188 numeris
634 1151 778 1188 carent.
834 1149 886 1186 In
918 1148 1159 1197 marginibus
1188 1161 1330 1197 paucas
1362 1147 1516 1184 invenis
1552 1148 1804 1192 correcturas,

251 1212 295 1249 in
322 1211 351 1249 f.
388 1214 461 1248 66a
489 1212 629 1260 corriqc
664 1210 707 1247 in
743 1210 918 1259 margine
949 1209 1138 1258 scriptum
1168 1211 1239 1247 est.
1312 1208 1491 1246 Codicem
1523 1207 1649 1245 nihilo
1682 1207 1814 1244 minus

255 1272 486 1320 diligentem
532 1271 854 1320 definitivamque
899 1270 1248 1319 perscrutationem
1289 1269 1454 1307 evitasse
1490 1269 1640 1306 multae
1677 1270 1818 1306 textus

253 1333 415 1370 lacunae
436 1346 512 1370 non
533 1332 712 1381 expletae
733 1331 825 1368 satis
844 1330 1123 1367 demonstrant.
1181 1329 1371 1366 Duodena
1397 1329 1493 1366 folia
1521 1327 1817 1378 quaternionem

258 1394 533 1440 constituunt3
580 1393 621 1430 in
657 1392 735 1429 fine
772 1391 858 1429 folii
899 1389 958 1428 12i
996 1403 1181 1428 numerus
1218 1390 1390 1440 ponitur,
1431 1390 1580 1440 primus
1617 1390 1685 1427 fol.
1726 1389 1813 1436 48b,

260 1455 453 1492 secundus
474 1454 558 1501 605,
583 1457 656 1492 etc.

314 1516 446 1554 Codex
491 1518 593 1553 4504
638 1514 811 1552 continet
853 1513 959 1551 infra
989 1513 1152 1563 scriptos
1194 1513 1283 1551 Joh.
1313 1512 1470 1552 Wiclefi
1506 1514 1727 1550 tractatus:
1758 1511 1822 1550 De

260 1576 446 1623 Simonia,
469 1576 529 1614 De
548 1575 837 1622 Incarnacione,
863 1574 996 1612 Sermo
1024 1587 1139 1623 super
1166 1574 1268 1611 illud
1295 1575 1433 1623 probet
1461 1576 1593 1611 autem
1623 1586 1662 1610 se
1689 1572 1821 1622 ipsum

256 1639 382 1684 homo,
414 1637 589 1687 Epistola
616 1650 715 1686 pape
743 1637 901 1674 Urbano
930 1636 1057 1682 missa,
1089 1635 1149 1673 De
1180 1635 1481 1685 Composicione.
1539 1634 1590 1671 In
1618 1633 1714 1671 folio
1742 1647 1822 1672 non

259 1701 462 1737 numerato
482 1698 585 1737 inter
603 1699 757 1736 thecam
778 1700 817 1735 et
843 1697 912 1735 fol.
938 1700 971 1744 1,
994 1710 1112 1734 manu
1141 1696 1262 1734 seculi
1294 1695 1364 1743 151,
1387 1696 1467 1734 ffl'c
1495 1696 1537 1733 dc
1566 1695 1825 1744 composicione

261 1761 420 1799 hominis
439 1774 510 1798 non
529 1763 582 1797 est
601 1761 845 1797 maminotus.

312 1821 377 1858 Ex
394 1821 569 1869 Explicit
587 1821 710 1871 hujus
729 1819 870 1857 codicis
888 1819 937 1857 R.
960 1819 1061 1856 Beer
1078 1818 1245 1856 titulum
1264 1819 1455 1856 tractatus
1474 1817 1516 1854 in
1536 1818 1593 1855 De
1612 1817 1825 1856 Benedicta

261 1883 551 1920 Incarnacz'oncl
584 1880 888 1919 transformavit.
960 1880 1038 1917 Sed
1068 1879 1237 1929 optimus
1266 1879 1387 1917 codex
1415 1878 1463 1917 A.
1497 1878 1609 1924 1387,
1631 1880 1679 1916 ut
1707 1879 1827 1917 etiam

260 1943 305 1982 B.
329 1943 445 1991 4307,
471 1944 528 1981 Dc
561 1943 824 1981 Imm-nacione
851 1943 1009 1979 tantum
1044 1941 1233 1988 scribunt,
1268 1943 1308 1978 et
1337 1940 1489 1977 nullam
1520 1939 1636 1977 video
1670 1952 1827 1977 causam

262 2017 382 2055 quare
401 2005 559 2041 notulae
578 2003 640 2041 illi
660 2003 741 2041 sine
761 2003 878 2040 dubio
897 2016 976 2040 non
995 2003 1042 2040 ab
1063 2004 1221 2040 auctore
1241 2002 1367 2039 factae
1388 2001 1455 2039 sed
1473 2014 1496 2038 a
1515 2000 1640 2038 scriba
1655 2000 1829 2048 additae,

264 2066 387 2115 major
405 2066 500 2103 fides
521 2065 572 2102 sit
590 2065 856 2102 attribuenda.

320 2127 380 2164 De
401 2127 575 2164 codicum
594 2126 643 2172 A,
665 2125 710 2173 B,
735 2125 762 2164 C
783 2125 1007 2164 affinitate:

321 2187 419 2225 Cum
436 2189 516 2225 tres
535 2187 683 2224 codices
701 2186 942 2224 Viennenses
962 2187 1175 2224 tractatum
1196 2185 1255 2223 De
1275 2183 1553 2222 Incarnacione
1583 2183 1831 2223 continentes

265 2261 336 2297 per
363 2261 494 2285 omnes
524 2261 610 2285 suas
637 2250 767 2297 partes
786 2248 904 2285 verbo
932 2249 1049 2285 tenus
1078 2246 1251 2284 conferre
1283 2258 1469 2294 magnum
1494 2258 1590 2294 opus
1619 2247 1659 2283 et
1687 2245 1831 2284 inutile

267 2311 379 2355 esset,
403 2309 574 2358 capitula
600 2311 755 2346 tantum
783 2308 826 2345 in
853 2307 1009 2357 paginis
1028 2307 1226 2356 impressis
1250 2309 1348 2344 1-13
1371 2308 1411 2343 et
1432 2307 1565 2344 65—70
1588 2308 1773 2344 contenta
1792 2309 1834 2345 et

266 2370 331 2407 hic
362 2370 495 2419 ibique
532 2369 740 2406 nonnullos
772 2369 875 2406 locos
913 2368 1043 2406 minus
1082 2371 1263 2406 extensos
1316 2367 1526 2415 diligenter
1570 2369 1610 2405 et
1649 2371 1835 2407 accurate

268 2430 498 2480 comparavi.
556 2430 664 2472 Quae
683 2430 772 2468 inde
793 2430 999 2476 resultent,
1022 2429 1158 2479 paucis
1177 2429 1306 2467 verbis
1325 2428 1463 2466 dicam.

322 2491 479 2529 Codices
506 2490 554 2536 A,
588 2494 626 2528 et
653 2490 698 2537 B,
732 2493 772 2528 et
802 2490 830 2529 C
863 2503 982 2528 unam
1014 2494 1151 2528 textus
1182 2489 1446 2528 recensionem
1477 2491 1778 2539 repraesentant
1811 2503 1834 2527 a

270 2551 398 2589 codice
419 2551 633 2589 Oxoniensi
652 2564 730 2588 non
748 2551 995 2589 mediocriter
1016 2551 1310 2600 discrepantem.
1368 2549 1406 2588 A
1427 2550 1724 2588 veracissimum
1752 2564 1838 2588 esse

272 2626 322 2650 ex
361 2612 645 2661 comparacione
684 2625 771 2650 cum
808 2612 972 2662 reliquis
1010 2626 1128 2649 manu
1168 2611 1321 2661 scriptis
1358 2611 1478 2649 facile
1517 2612 1836 2660 demonstratur;

273 2686 405 2710 omnes
435 2673 537 2711 enim
567 2673 648 2710 fere
678 2672 710 2711 B
737 2676 776 2711 et
801 2672 828 2711 C
857 2673 1103 2711 differenciae
1137 2675 1206 2711 aut
1231 2672 1381 2710 nullius
1408 2673 1600 2710 momenti
1629 2675 1736 2720 sunt,
1768 2675 1839 2711 aut

882 2791 893 2810 ¹
918 2801 947 2823 v.
966 2790 1063 2831 Note,
1079 2801 1112 2833 p.
1133 2792 1206 2822 233.
