<?xml version="1.0" encoding="UTF-8"?>
<!DOCTYPE html PUBLIC "-//W3C//DTD XHTML 1.0 Transitional//EN"
    "http://www.w3.org/TR/xhtml1/DTD/xhtml1-transitional.dtd">
<html xmlns="http://www.w3.org/1999/xhtml" xml:lang="en" lang="en">
 <head>
  <title>
</title>
<meta http-equiv="Content-Type" content="text/html;charset=utf-8" />
  <meta name='ocr-system' content='tesseract 3.04.00' />
  <meta name='ocr-capabilities' content='ocr_page ocr_carea ocr_par ocr_line ocrx_word'/>
</head>
<body>
  <div class='ocr_page' id='page_1' title='image "./tractatusdebened00wycl_0194.png"; bbox 0 0 2028 3346; ppageno 0'>
   <div class='ocr_carea' id='block_1_1' title="bbox 154 205 1769 252">
    <p class='ocr_par' dir='ltr' id='par_1_1' title="bbox 154 205 1769 252">
     <span class='ocr_line' id='line_1_1' title="bbox 154 205 1769 252; baseline -0.001 -5"><span class='ocrx_word' id='word_1_1' title='bbox 154 205 236 247; x_wconf 87' lang='lat'>158</span> <span class='ocrx_word' id='word_1_2' title='bbox 758 219 980 248; x_wconf 82' lang='lat' dir='ltr'><strong>JOHANNIS</strong></span> <span class='ocrx_word' id='word_1_3' title='bbox 1009 219 1178 247; x_wconf 76' lang='lat' dir='ltr'>WYcLIF</span> <span class='ocrx_word' id='word_1_4' title='bbox 1609 217 1693 252; x_wconf 60' lang='grc' dir='ltr'><strong>[οη.</strong></span> <span class='ocrx_word' id='word_1_5' title='bbox 1714 219 1769 246; x_wconf 90' lang='lat' dir='ltr'>1x.</span> 
     </span>
    </p>
   </div>
   <div class='ocr_carea' id='block_1_2' title="bbox 433 337 1941 871">
    <p class='ocr_par' dir='ltr' id='par_1_2' title="bbox 433 337 1941 871">
     <span class='ocr_line' id='line_1_2' title="bbox 435 337 1770 387; baseline 0.001 -13"><span class='ocrx_word' id='word_1_6' title='bbox 435 339 625 384; x_wconf 84' lang='lat' dir='ltr'>naturam,</span> <span class='ocrx_word' id='word_1_7' title='bbox 659 337 881 375; x_wconf 77' lang='lat' dir='ltr'>conceditur</span> <span class='ocrx_word' id='word_1_8' title='bbox 914 337 1028 387; x_wconf 91' lang='lat' dir='ltr'>quod,</span> <span class='ocrx_word' id='word_1_9' title='bbox 1069 337 1167 375; x_wconf 84' lang='lat' dir='ltr'>sicut</span> <span class='ocrx_word' id='word_1_10' title='bbox 1205 337 1353 387; x_wconf 81' lang='lat' dir='ltr'>duplex</span> <span class='ocrx_word' id='word_1_11' title='bbox 1390 339 1530 375; x_wconf 88' lang='lat' dir='ltr'>natura</span> <span class='ocrx_word' id='word_1_12' title='bbox 1566 351 1588 375; x_wconf 88' lang='lat' dir='ltr'>a</span> <span class='ocrx_word' id='word_1_13' title='bbox 1619 338 1770 377; x_wconf 78' lang='lat' dir='ltr'>Christo</span> 
     </span>
     <span class='ocr_line' id='line_1_3' title="bbox 436 406 1771 457; baseline 0.001 -14"><span class='ocrx_word' id='word_1_14' title='bbox 436 406 654 452; x_wconf 76' lang='lat' dir='ltr'><strong>assumitur,</strong></span> <span class='ocrx_word' id='word_1_15' title='bbox 689 406 836 444; x_wconf 86' lang='lat' dir='ltr'>scilicet</span> <span class='ocrx_word' id='word_1_16' title='bbox 867 419 1003 456; x_wconf 87' lang='lat' dir='ltr'>corpus</span> <span class='ocrx_word' id='word_1_17' title='bbox 1040 409 1079 444; x_wconf 87' lang='lat' dir='ltr'>et</span> <span class='ocrx_word' id='word_1_18' title='bbox 1116 406 1254 453; x_wconf 85' lang='lat' dir='ltr'>anima,</span> <span class='ocrx_word' id='word_1_19' title='bbox 1296 407 1376 444; x_wconf 77' lang='lat' dir='ltr'>1sic</span> <span class='ocrx_word' id='word_1_20' title='bbox 1412 407 1558 457; x_wconf 82' lang='lat' dir='ltr'>duplex</span> <span class='ocrx_word' id='word_1_21' title='bbox 1593 407 1697 445; x_wconf 79' lang='lat' dir='ltr'>fuit¹</span> <span class='ocrx_word' id='word_1_22' title='bbox 1729 408 1771 445; x_wconf 90' lang='lat' dir='ltr'>in</span> 
     </span>
     <span class='ocr_line' id='line_1_4' title="bbox 437 475 1771 525; baseline 0.001 -12"><span class='ocrx_word' id='word_1_23' title='bbox 437 475 587 513; x_wconf 87' lang='lat' dir='ltr'>Christo</span> <span class='ocrx_word' id='word_1_24' title='bbox 608 475 773 524; x_wconf 88' lang='lat' dir='ltr'>simplex</span> <span class='ocrx_word' id='word_1_25' title='bbox 793 475 1005 524; x_wconf 89' lang='lat' dir='ltr'>assumpcio</span> <span class='ocrx_word' id='word_1_26' title='bbox 1026 479 1065 513; x_wconf 91' lang='lat' dir='ltr'>et</span> <span class='ocrx_word' id='word_1_27' title='bbox 1091 488 1169 512; x_wconf 84' lang='lat' dir='ltr'>una</span> <span class='ocrx_word' id='word_1_28' title='bbox 1197 476 1386 525; x_wconf 87' lang='lat' dir='ltr'>completa</span> <span class='ocrx_word' id='word_1_29' title='bbox 1413 476 1462 513; x_wconf 89' lang='lat' dir='ltr'>ad</span> <span class='ocrx_word' id='word_1_30' title='bbox 1488 476 1771 514; x_wconf 75' lang='lat' dir='ltr'>humanitatem</span> 
     </span>
     <span class='ocr_line' id='line_1_5' title="bbox 434 543 1771 595; baseline 0.001 -15"><span class='ocrx_word' id='word_1_31' title='bbox 434 543 701 592; x_wconf 80' lang='lat' dir='ltr'>principaliter</span> <span class='ocrx_word' id='word_1_32' title='bbox 728 543 946 581; x_wconf 89' lang='lat' dir='ltr'>terminata.</span> <span class='ocrx_word' id='word_1_33' title='bbox 1001 544 1039 581; x_wconf 87' lang='lat' dir='ltr'>N</span> <span class='ocrx_word' id='word_1_34' title='bbox 1042 545 1108 581; x_wconf 80' lang='lat' dir='ltr'>ec²</span> <span class='ocrx_word' id='word_1_35' title='bbox 1135 544 1275 582; x_wconf 85' lang='lat' dir='ltr'>exinde</span> <span class='ocrx_word' id='word_1_36' title='bbox 1305 544 1481 594; x_wconf 89' lang='lat' dir='ltr'>sequitur</span> <span class='ocrx_word' id='word_1_37' title='bbox 1509 545 1612 594; x_wconf 89' lang='lat' dir='ltr'>quod</span> <span class='ocrx_word' id='word_1_38' title='bbox 1639 545 1771 595; x_wconf 87' lang='lat' dir='ltr'>aliqua</span> 
     </span>
     <span class='ocr_line' id='line_1_6' title="bbox 433 612 1811 663; baseline 0.001 -14"><span class='ocrx_word' id='word_1_39' title='bbox 433 613 589 650; x_wconf 87' lang='lat' dir='ltr'>illarum</span> <span class='ocrx_word' id='word_1_40' title='bbox 607 615 734 662; x_wconf 88' lang='lat' dir='ltr'>posset</span> <span class='ocrx_word' id='word_1_41' title='bbox 760 626 839 650; x_wconf 89' lang='lat' dir='ltr'>esse</span> <span class='ocrx_word' id='word_1_42' title='bbox 864 626 942 650; x_wconf 87' lang='lat' dir='ltr'>non</span> <span class='ocrx_word' id='word_1_43' title='bbox 968 612 1159 650; x_wconf 79' lang='lat' dir='ltr'>existente</span> <span class='ocrx_word' id='word_1_44' title='bbox 1186 613 1361 663; x_wconf 84' lang='lat' dir='ltr'>reliqua3</span> <span class='ocrx_word' id='word_1_45' title='bbox 1394 615 1407 635; x_wconf 79' lang='lat'>³</span> <span class='ocrx_word' id='word_1_46' title='bbox 1422 613 1489 651; x_wconf 87' lang='lat' dir='ltr'>sed</span> <span class='ocrx_word' id='word_1_47' title='bbox 1516 614 1605 651; x_wconf 90' lang='lat' dir='ltr'>ordo</span> <span class='ocrx_word' id='word_1_48' title='bbox 1632 616 1770 652; x_wconf 86' lang='lat' dir='ltr'>nature</span> <span class='ocrx_word' id='word_1_49' title='bbox 1789 617 1811 651; x_wconf 92' lang='lat'><em>5</em></span> 
     </span>
     <span class='ocr_line' id='line_1_7' title="bbox 435 681 1771 732; baseline 0.001 -13"><span class='ocrx_word' id='word_1_50' title='bbox 435 681 570 720; x_wconf 89' lang='lat' dir='ltr'>extitit</span> <span class='ocrx_word' id='word_1_51' title='bbox 605 682 708 720; x_wconf 87' lang='lat' dir='ltr'>inter</span> <span class='ocrx_word' id='word_1_52' title='bbox 724 683 737 703; x_wconf 80' lang='lat'>³</span> <span class='ocrx_word' id='word_1_53' title='bbox 773 682 874 729; x_wconf 88' lang='lat' dir='ltr'>illas,</span> <span class='ocrx_word' id='word_1_54' title='bbox 913 685 959 720; x_wconf 91' lang='lat' dir='ltr'>ut</span> <span class='ocrx_word' id='word_1_55' title='bbox 1005 682 1217 732; x_wconf 88' lang='lat' dir='ltr'>assumpcio</span> <span class='ocrx_word' id='word_1_56' title='bbox 1255 683 1380 720; x_wconf 88' lang='lat' dir='ltr'>anime</span> <span class='ocrx_word' id='word_1_57' title='bbox 1416 683 1495 720; x_wconf 77' lang='lat' dir='ltr'>fuit</span> <span class='ocrx_word' id='word_1_58' title='bbox 1531 683 1685 732; x_wconf 81' lang='lat' dir='ltr'>prima3</span> <span class='ocrx_word' id='word_1_59' title='bbox 1732 686 1771 722; x_wconf 90' lang='lat' dir='ltr'>et</span> 
     </span>
     <span class='ocr_line' id='line_1_8' title="bbox 434 751 1941 804; baseline 0.001 -16"><span class='ocrx_word' id='word_1_60' title='bbox 434 751 627 789; x_wconf 84' lang='lat' dir='ltr'>mediante</span> <span class='ocrx_word' id='word_1_61' title='bbox 653 751 722 789; x_wconf 86' lang='lat' dir='ltr'>illa</span> <span class='ocrx_word' id='word_1_62' title='bbox 749 754 987 801; x_wconf 89' lang='lat' dir='ltr'>assumptum</span> <span class='ocrx_word' id='word_1_63' title='bbox 1013 754 1071 789; x_wconf 93' lang='lat' dir='ltr'>est</span> <span class='ocrx_word' id='word_1_64' title='bbox 1089 765 1225 801; x_wconf 88' lang='lat' dir='ltr'>corpus</span> <span class='ocrx_word' id='word_1_65' title='bbox 1242 766 1251 800; x_wconf 91' lang='lat'>;</span> <span class='ocrx_word' id='word_1_66' title='bbox 1281 754 1321 789; x_wconf 90' lang='lat' dir='ltr'>et</span> <span class='ocrx_word' id='word_1_67' title='bbox 1339 752 1457 790; x_wconf 89' lang='lat' dir='ltr'>tercio</span> <span class='ocrx_word' id='word_1_68' title='bbox 1478 765 1528 790; x_wconf 90' lang='lat' dir='ltr'>ex</span> <span class='ocrx_word' id='word_1_69' title='bbox 1546 752 1607 790; x_wconf 91' lang='lat' dir='ltr'>his</span> <span class='ocrx_word' id='word_1_70' title='bbox 1631 751 1636 804; x_wconf 80' lang='grc' dir='ltr'>Ι</span> <span class='ocrx_word' id='word_1_71' title='bbox 1660 752 1771 790; x_wconf 82' lang='lat' dir='ltr'>unita</span> <span class='ocrx_word' id='word_1_72' title='bbox 1790 751 1831 794; x_wconf 85' lang='grc' dir='ltr'>[Β</span> <span class='ocrx_word' id='word_1_73' title='bbox 1843 751 1941 795; x_wconf 62' lang='grc'>1441)]</span> 
     </span>
     <span class='ocr_line' id='line_1_9' title="bbox 435 820 1767 871; baseline 0.001 -13"><span class='ocrx_word' id='word_1_74' title='bbox 435 822 494 858; x_wconf 87' lang='lat' dir='ltr'>est</span> <span class='ocrx_word' id='word_1_75' title='bbox 513 821 700 870; x_wconf 87' lang='lat' dir='ltr'>completa</span> <span class='ocrx_word' id='word_1_76' title='bbox 718 820 950 867; x_wconf 87' lang='lat' dir='ltr'>humanitas,</span> <span class='ocrx_word' id='word_1_77' title='bbox 973 823 1013 858; x_wconf 93' lang='lat' dir='ltr'>et</span> <span class='ocrx_word' id='word_1_78' title='bbox 1031 823 1159 858; x_wconf 86' lang='lat' dir='ltr'>totum</span> <span class='ocrx_word' id='word_1_79' title='bbox 1176 821 1218 858; x_wconf 88' lang='lat' dir='ltr'>in</span> <span class='ocrx_word' id='word_1_80' title='bbox 1237 821 1368 859; x_wconf 90' lang='lat' dir='ltr'>eodem</span> <span class='ocrx_word' id='word_1_81' title='bbox 1386 821 1549 859; x_wconf 89' lang='lat' dir='ltr'>instanti</span> <span class='ocrx_word' id='word_1_82' title='bbox 1573 822 1767 871; x_wconf 89' lang='lat' dir='ltr'>temporis,</span> 
     </span>
    </p>
   </div>
   <div class='ocr_carea' id='block_1_3' title="bbox 148 890 1943 1172">
    <p class='ocr_par' dir='ltr' id='par_1_3' title="bbox 148 890 1943 1172">
     <span class='ocr_line' id='line_1_10' title="bbox 435 890 1100 940; baseline 0.002 -13"><span class='ocrx_word' id='word_1_83' title='bbox 435 903 510 940; x_wconf 91' lang='lat' dir='ltr'>quo</span> <span class='ocrx_word' id='word_1_84' title='bbox 529 890 602 928; x_wconf 91' lang='lat' dir='ltr'>iste</span> <span class='ocrx_word' id='word_1_85' title='bbox 620 893 757 928; x_wconf 86' lang='lat' dir='ltr'>nature</span> <span class='ocrx_word' id='word_1_86' title='bbox 776 890 971 940; x_wconf 83' lang='lat' dir='ltr'>incipiunt</span> <span class='ocrx_word' id='word_1_87' title='bbox 989 891 1100 929; x_wconf 73' lang='lat' dir='ltr'>esse.4</span> 
     </span>
     <span class='ocr_line' id='line_1_11' title="bbox 151 939 1480 971; baseline 0.002 -6"><span class='ocrx_word' id='word_1_88' title='bbox 151 940 260 971; x_wconf 84' lang='lat' dir='ltr'>Last1v‚</span> <span class='ocrx_word' id='word_1_89' title='bbox 279 939 308 965; x_wconf 85' lang='lat' dir='ltr'>in</span> <span class='ocrx_word' id='word_1_90' title='bbox 322 939 417 965; x_wconf 85' lang='lat' dir='ltr'>Christ</span> <span class='ocrx_word' id='word_1_91' title='bbox 706 959 714 966; x_wconf 91' lang='lat'><strong><em>.</em></strong></span> <span class='ocrx_word' id='word_1_92' title='bbox 1074 960 1081 966; x_wconf 96' lang='lat'>.</span> <span class='ocrx_word' id='word_1_93' title='bbox 1408 960 1416 967; x_wconf 89' lang='lat'><strong>.</strong></span> <span class='ocrx_word' id='word_1_94' title='bbox 1473 960 1480 968; x_wconf 87' lang='lat'><strong><em>.</em></strong></span> 
     </span>
     <span class='ocr_line' id='line_1_12' title="bbox 150 959 1838 1010; baseline 0 -12"><span class='ocrx_word' id='word_1_95' title='bbox 150 967 416 1005; x_wconf 80' lang='lat' dir='ltr'>there&#39;isaperson-</span> <span class='ocrx_word' id='word_1_96' title='bbox 488 959 623 1001; x_wconf 80' lang='lat' dir='ltr'>Quoad</span> <span class='ocrx_word' id='word_1_97' title='bbox 640 959 824 997; x_wconf 82' lang='lat' dir='ltr'>ultimum</span> <span class='ocrx_word' id='word_1_98' title='bbox 843 960 889 997; x_wconf 90' lang='lat' dir='ltr'>de</span> <span class='ocrx_word' id='word_1_99' title='bbox 910 960 1166 1010; x_wconf 85' lang='lat' dir='ltr'>ydemptitate</span> <span class='ocrx_word' id='word_1_100' title='bbox 1192 962 1342 998; x_wconf 86' lang='lat' dir='ltr'>constat</span> <span class='ocrx_word' id='word_1_101' title='bbox 1365 961 1484 998; x_wconf 80' lang='lat' dir='ltr'>michl</span> <span class='ocrx_word' id='word_1_102' title='bbox 1510 960 1612 1010; x_wconf 89' lang='lat' dir='ltr'>quod</span> <span class='ocrx_word' id='word_1_103' title='bbox 1636 973 1770 998; x_wconf 90' lang='lat' dir='ltr'>nume·</span> <span class='ocrx_word' id='word_1_104' title='bbox 1792 962 1838 1000; x_wconf 91' lang='lat'>10</span> 
     </span>
     <span class='ocr_line' id='line_1_13' title="bbox 151 1006 1049 1039; baseline 0.006 -8"><span class='ocrx_word' id='word_1_105' title='bbox 151 1006 178 1031; x_wconf 81' lang='lat' dir='ltr'>al</span> <span class='ocrx_word' id='word_1_106' title='bbox 191 1007 312 1039; x_wconf 85' lang='lat' dir='ltr'>identity</span> <span class='ocrx_word' id='word_1_107' title='bbox 322 1007 353 1032; x_wconf 86' lang='lat' dir='ltr'>of</span> <span class='ocrx_word' id='word_1_108' title='bbox 363 1007 417 1032; x_wconf 82' lang='lat' dir='ltr'>dif—</span> <span class='ocrx_word' id='word_1_109' title='bbox 598 1029 606 1036; x_wconf 87' lang='lat'>.</span> <span class='ocrx_word' id='word_1_110' title='bbox 711 1029 718 1036; x_wconf 92' lang='lat'><strong><em>.</em></strong></span> <span class='ocrx_word' id='word_1_111' title='bbox 1042 1029 1049 1036; x_wconf 89' lang='lat'>.</span> 
     </span>
     <span class='ocr_line' id='line_1_14' title="bbox 148 1028 1943 1099; baseline 0.002 -35"><span class='ocrx_word' id='word_1_112' title='bbox 148 1040 418 1099; x_wconf 45' lang='lat' dir='ltr'>gerentbnatqups</span> <span class='ocrx_word' id='word_1_113' title='bbox 434 1042 517 1066; x_wconf 85' lang='lat' dir='ltr'>rose</span> <span class='ocrx_word' id='word_1_114' title='bbox 547 1029 743 1067; x_wconf 82' lang='lat' dir='ltr'>evidencie</span> <span class='ocrx_word' id='word_1_115' title='bbox 775 1029 926 1077; x_wconf 78' lang='lat' dir='ltr'>vollant</span> <span class='ocrx_word' id='word_1_116' title='bbox 962 1030 1074 1067; x_wconf 81' lang='lat' dir='ltr'>hodie</span> <span class='ocrx_word' id='word_1_117' title='bbox 1089 1030 1102 1050; x_wconf 82' lang='lat'><strong>⁶</strong></span> <span class='ocrx_word' id='word_1_118' title='bbox 1139 1030 1187 1067; x_wconf 87' lang='lat' dir='ltr'>ad</span> <span class='ocrx_word' id='word_1_119' title='bbox 1217 1030 1456 1079; x_wconf 88' lang='lat' dir='ltr'>probandum</span> <span class='ocrx_word' id='word_1_120' title='bbox 1489 1043 1558 1079; x_wconf 90' lang='lat' dir='ltr'>per</span> <span class='ocrx_word' id='word_1_121' title='bbox 1589 1030 1717 1067; x_wconf 87' lang='lat' dir='ltr'>locum</span> <span class='ocrx_word' id='word_1_122' title='bbox 1748 1043 1770 1067; x_wconf 89' lang='lat' dir='ltr'>a</span> <span class='ocrx_word' id='word_1_123' title='bbox 1790 1028 1829 1071; x_wconf 90' lang='lat'>[0</span> <span class='ocrx_word' id='word_1_124' title='bbox 1840 1028 1943 1071; x_wconf 69' lang='lat'>22912]</span> 
     </span>
     <span class='ocr_line' id='line_1_15' title="bbox 149 1077 1771 1172; baseline 0.003 -41"><span class='ocrx_word' id='word_1_125' title='bbox 149 1077 272 1172; x_wconf 40' lang='grc' dir='ltr'>ἓξὲξ</span> <span class='ocrx_word' id='word_1_126' title='bbox 280 1078 418 1165; x_wconf 52' lang='grc' dir='ltr'>ἒιηὲἒειξιέ</span> <span class='ocrx_word' id='word_1_127' title='bbox 436 1097 554 1135; x_wconf 87' lang='lat' dir='ltr'>simili</span> <span class='ocrx_word' id='word_1_128' title='bbox 573 1098 675 1147; x_wconf 89' lang='lat' dir='ltr'>quod</span> <span class='ocrx_word' id='word_1_129' title='bbox 694 1097 884 1147; x_wconf 86' lang='lat' dir='ltr'>quidlibet</span> <span class='ocrx_word' id='word_1_130' title='bbox 895 1099 908 1119; x_wconf 67' lang='grc' dir='ltr'><strong>θ</strong></span> <span class='ocrx_word' id='word_1_131' title='bbox 926 1100 1052 1147; x_wconf 89' lang='lat' dir='ltr'>potest</span> <span class='ocrx_word' id='word_1_132' title='bbox 1070 1098 1352 1148; x_wconf 85' lang='lat' dir='ltr'>ydemptificari</span> <span class='ocrx_word' id='word_1_133' title='bbox 1371 1097 1543 1145; x_wconf 88' lang='lat' dir='ltr'>cuilibet,</span> <span class='ocrx_word' id='word_1_134' title='bbox 1562 1098 1594 1136; x_wconf 85' lang='lat' dir='ltr'>si</span> <span class='ocrx_word' id='word_1_135' title='bbox 1612 1098 1771 1136; x_wconf 90' lang='lat' dir='ltr'>⁷natura</span> 
     </span>
     <span class='ocr_line' id='line_1_16' title="bbox 162 1148 397 1171; baseline 0 -6"><span class='ocrx_word' id='word_1_136' title='bbox 162 1148 172 1165; x_wconf 78' lang='grc'>1</span> <span class='ocrx_word' id='word_1_137' title='bbox 259 1148 277 1171; x_wconf 81' lang='lat' dir='ltr'>p</span> <span class='ocrx_word' id='word_1_138' title='bbox 304 1148 323 1165; x_wconf 86' lang='lat' dir='ltr'>&#39;S</span> <span class='ocrx_word' id='word_1_139' title='bbox 342 1148 376 1165; x_wconf 77' lang='lat' dir='ltr'>DS</span> <span class='ocrx_word' id='word_1_140' title='bbox 388 1148 397 1165; x_wconf 89' lang='lat' dir='ltr'>l</span> 
     </span>
    </p>
   </div>
   <div class='ocr_carea' id='block_1_4' title="bbox 150 1166 1772 1233">
    <p class='ocr_par' dir='ltr' id='par_1_4' title="bbox 150 1166 1772 1233">
     <span class='ocr_line' id='line_1_17' title="bbox 150 1166 1772 1233; baseline 0.001 -30"><span class='ocrx_word' id='word_1_141' title='bbox 150 1174 336 1233; x_wconf 49' lang='lat' dir='ltr'>gleiztigvrima</span> <span class='ocrx_word' id='word_1_142' title='bbox 376 1181 417 1199; x_wconf 83' lang='lat' dir='ltr'>es·</span> <span class='ocrx_word' id='word_1_143' title='bbox 434 1180 552 1216; x_wconf 89' lang='lat' dir='ltr'>prope</span> <span class='ocrx_word' id='word_1_144' title='bbox 584 1166 706 1204; x_wconf 88' lang='lat' dir='ltr'>nichil</span> <span class='ocrx_word' id='word_1_145' title='bbox 733 1169 862 1216; x_wconf 84' lang='lat' dir='ltr'>potest</span> <span class='ocrx_word' id='word_1_146' title='bbox 892 1166 1001 1204; x_wconf 87' lang='lat' dir='ltr'>fieri⁷</span> <span class='ocrx_word' id='word_1_147' title='bbox 1034 1167 1169 1205; x_wconf 88' lang='lat' dir='ltr'>Deus:</span> <span class='ocrx_word' id='word_1_148' title='bbox 1215 1167 1355 1205; x_wconf 79' lang='lat' dir='ltr'>exinde</span> <span class='ocrx_word' id='word_1_149' title='bbox 1388 1167 1491 1204; x_wconf 89' lang='lat' dir='ltr'>enim</span> <span class='ocrx_word' id='word_1_150' title='bbox 1528 1167 1772 1205; x_wconf 83' lang='lat' dir='ltr'>concluditur</span> 
     </span>
    </p>
   </div>
   <div class='ocr_carea' id='block_1_5' title="bbox 434 1236 1838 1910">
    <p class='ocr_par' dir='ltr' id='par_1_5' title="bbox 434 1236 1838 1910">
     <span class='ocr_line' id='line_1_18' title="bbox 435 1236 1771 1286; baseline 0 -12"><span class='ocrx_word' id='word_1_151' title='bbox 435 1237 538 1286; x_wconf 90' lang='lat' dir='ltr'>quod</span> <span class='ocrx_word' id='word_1_152' title='bbox 564 1236 671 1274; x_wconf 89' lang='lat' dir='ltr'>Deus</span> <span class='ocrx_word' id='word_1_153' title='bbox 699 1236 913 1286; x_wconf 85' lang='lat' dir='ltr'>quamlibet</span> <span class='ocrx_word' id='word_1_154' title='bbox 939 1238 1118 1274; x_wconf 85' lang='lat' dir='ltr'>naturam</span> <span class='ocrx_word' id='word_1_155' title='bbox 1147 1240 1313 1275; x_wconf 86' lang='lat' dir='ltr'>creatam</span> <span class='ocrx_word' id='word_1_156' title='bbox 1342 1239 1469 1286; x_wconf 89' lang='lat' dir='ltr'>potest</span> <span class='ocrx_word' id='word_1_157' title='bbox 1496 1250 1699 1283; x_wconf 84' lang='lat' dir='ltr'>assumere,</span> <span class='ocrx_word' id='word_1_158' title='bbox 1731 1239 1771 1274; x_wconf 92' lang='lat' dir='ltr'>et</span> 
     </span>
     <span class='ocr_line' id='line_1_19' title="bbox 436 1305 1837 1356; baseline 0.001 -13"><span class='ocrx_word' id='word_1_159' title='bbox 436 1305 489 1343; x_wconf 88' lang='lat' dir='ltr'>sio</span> <span class='ocrx_word' id='word_1_160' title='bbox 508 1306 555 1343; x_wconf 91' lang='lat' dir='ltr'>de</span> <span class='ocrx_word' id='word_1_161' title='bbox 580 1305 715 1344; x_wconf 89' lang='lat' dir='ltr'>multis</span> <span class='ocrx_word' id='word_1_162' title='bbox 739 1305 908 1343; x_wconf 87' lang='lat' dir='ltr'>inaniter</span> <span class='ocrx_word' id='word_1_163' title='bbox 936 1306 1151 1354; x_wconf 86' lang='lat' dir='ltr'>geminatis.</span> <span class='ocrx_word' id='word_1_164' title='bbox 1208 1307 1351 1344; x_wconf 84' lang='lat' dir='ltr'>Utrum</span> <span class='ocrx_word' id='word_1_165' title='bbox 1378 1308 1509 1344; x_wconf 89' lang='lat' dir='ltr'>autem</span> <span class='ocrx_word' id='word_1_166' title='bbox 1535 1306 1770 1356; x_wconf 81' lang='lat' dir='ltr'>ydemptitas</span> <span class='ocrx_word' id='word_1_167' title='bbox 1791 1311 1837 1346; x_wconf 92' lang='lat'>15</span> 
     </span>
     <span class='ocr_line' id='line_1_20' title="bbox 434 1375 1770 1425; baseline 0.001 -13"><span class='ocrx_word' id='word_1_168' title='bbox 434 1375 644 1424; x_wconf 88' lang='lat' dir='ltr'>personalis</span> <span class='ocrx_word' id='word_1_169' title='bbox 675 1377 902 1413; x_wconf 89' lang='lat' dir='ltr'>naturarum</span> <span class='ocrx_word' id='word_1_170' title='bbox 930 1375 1140 1425; x_wconf 88' lang='lat' dir='ltr'>disparium</span> <span class='ocrx_word' id='word_1_171' title='bbox 1168 1376 1210 1412; x_wconf 86' lang='lat' dir='ltr'>in</span> <span class='ocrx_word' id='word_1_172' title='bbox 1239 1375 1389 1413; x_wconf 87' lang='lat' dir='ltr'>Christo</span> <span class='ocrx_word' id='word_1_173' title='bbox 1424 1375 1473 1413; x_wconf 92' lang='lat' dir='ltr'>sit</span> <span class='ocrx_word' id='word_1_174' title='bbox 1504 1375 1622 1412; x_wconf 88' lang='lat' dir='ltr'>maior</span> <span class='ocrx_word' id='word_1_175' title='bbox 1653 1388 1770 1425; x_wconf 89' lang='lat' dir='ltr'>quam</span> 
     </span>
     <span class='ocr_line' id='line_1_21' title="bbox 434 1444 1769 1494; baseline 0 -13"><span class='ocrx_word' id='word_1_176' title='bbox 434 1444 668 1494; x_wconf 84' lang='lat' dir='ltr'>ydemptitas</span> <span class='ocrx_word' id='word_1_177' title='bbox 695 1446 968 1493; x_wconf 67' lang='lat' dir='ltr'>personarumss</span> <span class='ocrx_word' id='word_1_178' title='bbox 994 1445 1036 1482; x_wconf 89' lang='lat' dir='ltr'>in</span> <span class='ocrx_word' id='word_1_179' title='bbox 1066 1445 1198 1483; x_wconf 90' lang='lat' dir='ltr'>eadem</span> <span class='ocrx_word' id='word_1_180' title='bbox 1222 1447 1362 1482; x_wconf 87' lang='lat' dir='ltr'>natura</span> <span class='ocrx_word' id='word_1_181' title='bbox 1388 1444 1564 1494; x_wconf 83' lang='lat' dir='ltr'>simplici,</span> <span class='ocrx_word' id='word_1_182' title='bbox 1588 1447 1646 1482; x_wconf 90' lang='lat' dir='ltr'>est</span> <span class='ocrx_word' id='word_1_183' title='bbox 1671 1445 1769 1481; x_wconf 83' lang='lat' dir='ltr'>diffi-</span> 
     </span>
     <span class='ocr_line' id='line_1_22' title="bbox 435 1514 1771 1564; baseline 0.001 -14"><span class='ocrx_word' id='word_1_184' title='bbox 435 1514 570 1551; x_wconf 78' lang='lat' dir='ltr'>cultas.</span> <span class='ocrx_word' id='word_1_185' title='bbox 646 1514 803 1551; x_wconf 82' lang='lat' dir='ltr'>Certum</span> <span class='ocrx_word' id='word_1_186' title='bbox 838 1516 969 1552; x_wconf 88' lang='lat' dir='ltr'>tamen</span> <span class='ocrx_word' id='word_1_187' title='bbox 1005 1516 1064 1552; x_wconf 87' lang='lat' dir='ltr'>est</span> <span class='ocrx_word' id='word_1_188' title='bbox 1100 1515 1203 1564; x_wconf 88' lang='lat' dir='ltr'>quod</span> <span class='ocrx_word' id='word_1_189' title='bbox 1246 1514 1320 1552; x_wconf 87' lang='lat' dir='ltr'>iste</span> <span class='ocrx_word' id='word_1_190' title='bbox 1356 1514 1633 1564; x_wconf 84' lang='lat' dir='ltr'>ydemptitates</span> <span class='ocrx_word' id='word_1_191' title='bbox 1679 1516 1771 1552; x_wconf 89' lang='lat' dir='ltr'>sunt</span> 
     </span>
     <span class='ocr_line' id='line_1_23' title="bbox 434 1582 1771 1633; baseline 0 -13"><span class='ocrx_word' id='word_1_192' title='bbox 434 1582 646 1632; x_wconf 86' lang='lat' dir='ltr'>disparium</span> <span class='ocrx_word' id='word_1_193' title='bbox 698 1583 896 1620; x_wconf 88' lang='lat' dir='ltr'>racionum</span> <span class='ocrx_word' id='word_1_194' title='bbox 950 1586 989 1621; x_wconf 90' lang='lat' dir='ltr'>et</span> <span class='ocrx_word' id='word_1_195' title='bbox 1032 1584 1268 1633; x_wconf 87' lang='lat' dir='ltr'>ydemptitas</span> <span class='ocrx_word' id='word_1_196' title='bbox 1315 1584 1517 1621; x_wconf 86' lang='lat' dir='ltr'>Trinitatis</span> <span class='ocrx_word' id='word_1_197' title='bbox 1561 1583 1603 1621; x_wconf 87' lang='lat' dir='ltr'>in</span> <span class='ocrx_word' id='word_1_198' title='bbox 1646 1583 1771 1633; x_wconf 88' lang='lat' dir='ltr'>prima</span> 
     </span>
     <span class='ocr_line' id='line_1_24' title="bbox 435 1652 1838 1702; baseline 0 -13"><span class='ocrx_word' id='word_1_199' title='bbox 435 1652 613 1700; x_wconf 89' lang='lat' dir='ltr'>essencia,</span> <span class='ocrx_word' id='word_1_200' title='bbox 654 1665 742 1690; x_wconf 90' lang='lat' dir='ltr'>cum</span> <span class='ocrx_word' id='word_1_201' title='bbox 777 1652 1077 1702; x_wconf 85' lang='lat' dir='ltr'>presupponitur</span> <span class='ocrx_word' id='word_1_202' title='bbox 1114 1653 1161 1690; x_wconf 90' lang='lat' dir='ltr'>ad</span> <span class='ocrx_word' id='word_1_203' title='bbox 1202 1666 1352 1690; x_wconf 87' lang='lat' dir='ltr'>omnem</span> <span class='ocrx_word' id='word_1_204' title='bbox 1389 1653 1515 1698; x_wconf 88' lang='lat' dir='ltr'>aliam,</span> <span class='ocrx_word' id='word_1_205' title='bbox 1557 1654 1616 1690; x_wconf 91' lang='lat' dir='ltr'>est</span> <span class='ocrx_word' id='word_1_206' title='bbox 1650 1653 1771 1690; x_wconf 90' lang='lat' dir='ltr'>maior</span> <span class='ocrx_word' id='word_1_207' title='bbox 1788 1653 1838 1688; x_wconf 87' lang='lat'>20</span> 
     </span>
     <span class='ocr_line' id='line_1_25' title="bbox 435 1721 1771 1771; baseline 0.001 -13"><span class='ocrx_word' id='word_1_208' title='bbox 435 1734 552 1771; x_wconf 89' lang='lat' dir='ltr'>quam</span> <span class='ocrx_word' id='word_1_209' title='bbox 587 1721 749 1771; x_wconf 87' lang='lat' dir='ltr'>reliqua,</span> <span class='ocrx_word' id='word_1_210' title='bbox 782 1721 875 1760; x_wconf 87' lang='lat' dir='ltr'>licet</span> <span class='ocrx_word' id='word_1_211' title='bbox 904 1735 981 1759; x_wconf 85' lang='lat' dir='ltr'>non</span> <span class='ocrx_word' id='word_1_212' title='bbox 1017 1722 1060 1759; x_wconf 88' lang='lat' dir='ltr'>in</span> <span class='ocrx_word' id='word_1_213' title='bbox 1091 1722 1338 1771; x_wconf 87' lang='lat' dir='ltr'>proporcione</span> <span class='ocrx_word' id='word_1_214' title='bbox 1370 1722 1581 1759; x_wconf 83' lang='lat' dir='ltr'>racionali.⁹</span> <span class='ocrx_word' id='word_1_215' title='bbox 1637 1721 1771 1764; x_wconf 80' lang='lat' dir='ltr'>Quoad</span> 
     </span>
     <span class='ocr_line' id='line_1_26' title="bbox 434 1790 1771 1841; baseline 0.001 -14"><span class='ocrx_word' id='word_1_216' title='bbox 434 1790 643 1828; x_wconf 86' lang='lat' dir='ltr'>instancias</span> <span class='ocrx_word' id='word_1_217' title='bbox 674 1790 796 1828; x_wconf 77' lang='lat' dir='ltr'>factas</span> <span class='ocrx_word' id='word_1_218' title='bbox 827 1804 897 1840; x_wconf 91' lang='lat' dir='ltr'>per</span> <span class='ocrx_word' id='word_1_219' title='bbox 924 1791 1051 1829; x_wconf 88' lang='lat' dir='ltr'>locum</span> <span class='ocrx_word' id='word_1_220' title='bbox 1081 1804 1103 1828; x_wconf 92' lang='lat' dir='ltr'>a</span> <span class='ocrx_word' id='word_1_221' title='bbox 1136 1791 1264 1838; x_wconf 84' lang='lat' dir='ltr'>simili,</span> <span class='ocrx_word' id='word_1_222' title='bbox 1298 1793 1407 1841; x_wconf 87' lang='lat' dir='ltr'>patet</span> <span class='ocrx_word' id='word_1_223' title='bbox 1444 1805 1494 1829; x_wconf 88' lang='lat' dir='ltr'>ex</span> <span class='ocrx_word' id='word_1_224' title='bbox 1525 1791 1638 1829; x_wconf 89' lang='lat' dir='ltr'>dictis</span> <span class='ocrx_word' id='word_1_225' title='bbox 1668 1792 1771 1841; x_wconf 87' lang='lat' dir='ltr'>quod</span> 
     </span>
     <span class='ocr_line' id='line_1_27' title="bbox 436 1860 1059 1910; baseline 0.002 -14"><span class='ocrx_word' id='word_1_226' title='bbox 436 1860 649 1897; x_wconf 88' lang='lat' dir='ltr'>similitudo</span> <span class='ocrx_word' id='word_1_227' title='bbox 667 1873 745 1897; x_wconf 87' lang='lat' dir='ltr'>non</span> <span class='ocrx_word' id='word_1_228' title='bbox 764 1862 822 1898; x_wconf 89' lang='lat' dir='ltr'>est</span> <span class='ocrx_word' id='word_1_229' title='bbox 840 1860 1059 1910; x_wconf 89' lang='lat' dir='ltr'>probabilis.</span> 
     </span>
    </p>
   </div>
   <div class='ocr_carea' id='block_1_6' title="bbox 151 1929 1768 1979">
    <p class='ocr_par' dir='ltr' id='par_1_6' title="bbox 151 1929 1768 1979">
     <span class='ocr_line' id='line_1_28' title="bbox 151 1929 1768 1979; baseline -0.002 -8"><span class='ocrx_word' id='word_1_230' title='bbox 151 1945 191 1970; x_wconf 83' lang='lat' dir='ltr'>To</span> <span class='ocrx_word' id='word_1_231' title='bbox 211 1944 325 1976; x_wconf 76' lang='lat' dir='ltr'>explain</span> <span class='ocrx_word' id='word_1_232' title='bbox 351 1944 417 1970; x_wconf 82' lang='lat' dir='ltr'>how</span> <span class='ocrx_word' id='word_1_233' title='bbox 489 1929 564 1967; x_wconf 79' lang='lat' dir='ltr'>Sed</span> <span class='ocrx_word' id='word_1_234' title='bbox 596 1929 762 1967; x_wconf 85' lang='lat' dir='ltr'>dimissis</span> <span class='ocrx_word' id='word_1_235' title='bbox 797 1930 964 1978; x_wconf 87' lang='lat' dir='ltr'>arguciis</span> <span class='ocrx_word' id='word_1_236' title='bbox 997 1930 1173 1979; x_wconf 86' lang='lat' dir='ltr'>queritur</span> <span class='ocrx_word' id='word_1_237' title='bbox 1203 1930 1457 1968; x_wconf 88' lang='lat' dir='ltr'>communiter</span> <span class='ocrx_word' id='word_1_238' title='bbox 1482 1929 1584 1967; x_wconf 89' lang='lat' dir='ltr'>racio</span> <span class='ocrx_word' id='word_1_239' title='bbox 1608 1929 1768 1967; x_wconf 84' lang='lat' dir='ltr'>diversi-</span> 
     </span>
    </p>
   </div>
   <div class='ocr_carea' id='block_1_7' title="bbox 150 1978 1836 2048">
    <p class='ocr_par' dir='ltr' id='par_1_7' title="bbox 150 1978 1836 2048">
     <span class='ocr_line' id='line_1_29' title="bbox 151 1978 1506 2009; baseline 0.002 -6"><span class='ocrx_word' id='word_1_240' title='bbox 151 1978 209 2004; x_wconf 88' lang='lat' dir='ltr'>this</span> <span class='ocrx_word' id='word_1_241' title='bbox 229 1986 281 2004; x_wconf 86' lang='lat' dir='ltr'>can</span> <span class='ocrx_word' id='word_1_242' title='bbox 308 1978 352 2009; x_wconf 87' lang='lat' dir='ltr'>be,</span> <span class='ocrx_word' id='word_1_243' title='bbox 374 1986 417 2003; x_wconf 87' lang='lat' dir='ltr'>we</span> <span class='ocrx_word' id='word_1_244' title='bbox 497 1998 504 2006; x_wconf 87' lang='lat'><strong>.</strong></span> <span class='ocrx_word' id='word_1_245' title='bbox 809 1998 815 2006; x_wconf 90' lang='lat'>.</span> <span class='ocrx_word' id='word_1_246' title='bbox 886 1999 893 2005; x_wconf 96' lang='lat'>.</span> <span class='ocrx_word' id='word_1_247' title='bbox 1049 1999 1056 2006; x_wconf 94' lang='lat'><strong>.</strong></span> <span class='ocrx_word' id='word_1_248' title='bbox 1200 1999 1207 2005; x_wconf 95' lang='lat'>.</span> <span class='ocrx_word' id='word_1_249' title='bbox 1499 1999 1506 2006; x_wconf 88' lang='lat'><strong>.</strong></span> 
     </span>
     <span class='ocr_line' id='line_1_30' title="bbox 150 1995 1836 2048; baseline -0.001 -11"><span class='ocrx_word' id='word_1_250' title='bbox 150 2012 417 2037; x_wconf 76' lang='lat' dir='ltr'>mustieavesubtle</span> <span class='ocrx_word' id='word_1_251' title='bbox 434 2001 538 2045; x_wconf 83' lang='lat' dir='ltr'>tat1S,</span> <span class='ocrx_word' id='word_1_252' title='bbox 561 2012 678 2048; x_wconf 89' lang='lat' dir='ltr'>quam</span> <span class='ocrx_word' id='word_1_253' title='bbox 698 2001 755 2036; x_wconf 90' lang='lat' dir='ltr'>est</span> <span class='ocrx_word' id='word_1_254' title='bbox 780 1999 933 2036; x_wconf 82' lang='lat' dir='ltr'>difficile</span> <span class='ocrx_word' id='word_1_255' title='bbox 959 1999 1107 2048; x_wconf 75' lang='lat' dir='ltr'>plafflde</span> <span class='ocrx_word' id='word_1_256' title='bbox 1135 2012 1341 2048; x_wconf 71' lang='lat' dir='ltr'>asmgnare,</span> <span class='ocrx_word' id='word_1_257' title='bbox 1365 2013 1452 2037; x_wconf 90' lang='lat' dir='ltr'>cum</span> <span class='ocrx_word' id='word_1_258' title='bbox 1478 2001 1528 2036; x_wconf 80' lang='lat' dir='ltr'>sit</span> <span class='ocrx_word' id='word_1_259' title='bbox 1555 2000 1602 2036; x_wconf 91' lang='lat' dir='ltr'>de</span> <span class='ocrx_word' id='word_1_260' title='bbox 1629 1999 1768 2036; x_wconf 78' lang='lat' dir='ltr'>funda·</span> <span class='ocrx_word' id='word_1_261' title='bbox 1787 1995 1836 2030; x_wconf 85' lang='lat'>25</span> 
     </span>
    </p>
   </div>
   <div class='ocr_carea' id='block_1_8' title="bbox 150 2045 416 2071">
    <p class='ocr_par' dir='ltr' id='par_1_8' title="bbox 150 2045 416 2071">
     <span class='ocr_line' id='line_1_31' title="bbox 150 2045 416 2071; baseline 0 -1"><span class='ocrx_word' id='word_1_262' title='bbox 150 2045 308 2071; x_wconf 86' lang='lat' dir='ltr'>discussion</span> <span class='ocrx_word' id='word_1_263' title='bbox 360 2046 416 2071; x_wconf 90' lang='lat' dir='ltr'>and</span> 
     </span>
    </p>
   </div>
   <div class='ocr_carea' id='block_1_9' title="bbox 150 2068 1769 2137">
    <p class='ocr_par' dir='ltr' id='par_1_9' title="bbox 150 2068 1769 2137">
     <span class='ocr_line' id='line_1_32' title="bbox 150 2068 1769 2137; baseline 0.001 -33"><span class='ocrx_word' id='word_1_264' title='bbox 150 2079 348 2137; x_wconf 48' lang='lat' dir='ltr'>{Zilidigffignffi</span> <span class='ocrx_word' id='word_1_265' title='bbox 365 2079 415 2104; x_wconf 80' lang='lat' dir='ltr'>the</span> <span class='ocrx_word' id='word_1_266' title='bbox 435 2071 564 2105; x_wconf 86' lang='lat' dir='ltr'>mento</span> <span class='ocrx_word' id='word_1_267' title='bbox 609 2070 771 2115; x_wconf 81' lang='lat' dir='ltr'>nature3</span> <span class='ocrx_word' id='word_1_268' title='bbox 810 2070 857 2105; x_wconf 88' lang='lat' dir='ltr'>ut</span> <span class='ocrx_word' id='word_1_269' title='bbox 888 2081 1006 2118; x_wconf 88' lang='lat' dir='ltr'>quare</span> <span class='ocrx_word' id='word_1_270' title='bbox 1039 2068 1145 2105; x_wconf 90' lang='lat' dir='ltr'>Deus</span> <span class='ocrx_word' id='word_1_271' title='bbox 1178 2081 1294 2116; x_wconf 86' lang='lat' dir='ltr'>agens</span> <span class='ocrx_word' id='word_1_272' title='bbox 1323 2068 1443 2106; x_wconf 88' lang='lat' dir='ltr'>libere</span> <span class='ocrx_word' id='word_1_273' title='bbox 1477 2068 1769 2106; x_wconf 85' lang='lat' dir='ltr'>contradictorie</span> 
     </span>
    </p>
   </div>
   <div class='ocr_carea' id='block_1_10' title="bbox 147 2137 1770 2205">
    <p class='ocr_par' dir='ltr' id='par_1_10' title="bbox 147 2137 1770 2205">
     <span class='ocr_line' id='line_1_33' title="bbox 147 2137 1770 2205; baseline 0.001 -32"><span class='ocrx_word' id='word_1_274' title='bbox 147 2145 417 2205; x_wconf 45' lang='lat' dir='ltr'>{apttgpgtpggivffig</span> <span class='ocrx_word' id='word_1_275' title='bbox 435 2138 596 2174; x_wconf 87' lang='lat' dir='ltr'>adextra</span> <span class='ocrx_word' id='word_1_276' title='bbox 640 2137 769 2186; x_wconf 87' lang='lat' dir='ltr'>potuit</span> <span class='ocrx_word' id='word_1_277' title='bbox 813 2137 913 2174; x_wconf 89' lang='lat' dir='ltr'>illud</span> <span class='ocrx_word' id='word_1_278' title='bbox 959 2141 1112 2186; x_wconf 88' lang='lat' dir='ltr'>tempus</span> <span class='ocrx_word' id='word_1_279' title='bbox 1149 2139 1336 2184; x_wconf 88' lang='lat' dir='ltr'>eternum,</span> <span class='ocrx_word' id='word_1_280' title='bbox 1372 2140 1411 2175; x_wconf 89' lang='lat' dir='ltr'>et</span> <span class='ocrx_word' id='word_1_281' title='bbox 1439 2151 1517 2174; x_wconf 87' lang='lat' dir='ltr'>non</span> <span class='ocrx_word' id='word_1_282' title='bbox 1553 2137 1660 2174; x_wconf 86' lang='lat' dir='ltr'>aliud</span> <span class='ocrx_word' id='word_1_283' title='bbox 1694 2137 1770 2174; x_wconf 88' lang='lat' dir='ltr'>nisi</span> 
     </span>
    </p>
   </div>
   <div class='ocr_carea' id='block_1_11' title="bbox 149 2206 1769 2256">
    <p class='ocr_par' dir='ltr' id='par_1_11' title="bbox 149 2206 1769 2256">
     <span class='ocr_line' id='line_1_34' title="bbox 149 2206 1769 2256; baseline -0.001 -12"><span class='ocrx_word' id='word_1_284' title='bbox 149 2212 244 2238; x_wconf 80' lang='lat' dir='ltr'>divine</span> <span class='ocrx_word' id='word_1_285' title='bbox 261 2212 336 2244; x_wconf 78' lang='lat' dir='ltr'>wil13</span> <span class='ocrx_word' id='word_1_286' title='bbox 434 2207 517 2244; x_wconf 88' lang='lat' dir='ltr'>eius</span> <span class='ocrx_word' id='word_1_287' title='bbox 540 2209 689 2256; x_wconf 86' lang='lat' dir='ltr'>partem</span> <span class='ocrx_word' id='word_1_288' title='bbox 710 2207 919 2256; x_wconf 86' lang='lat' dir='ltr'>producere</span> <span class='ocrx_word' id='word_1_289' title='bbox 947 2209 986 2244; x_wconf 91' lang='lat' dir='ltr'>et</span> <span class='ocrx_word' id='word_1_290' title='bbox 1011 2207 1064 2244; x_wconf 89' lang='lat' dir='ltr'>sic</span> <span class='ocrx_word' id='word_1_291' title='bbox 1092 2207 1138 2244; x_wconf 90' lang='lat' dir='ltr'>de</span> <span class='ocrx_word' id='word_1_292' title='bbox 1167 2207 1369 2244; x_wconf 86' lang='lat' dir='ltr'>similibus.</span> <span class='ocrx_word' id='word_1_293' title='bbox 1425 2206 1555 2244; x_wconf 86' lang='lat' dir='ltr'>Prima</span> <span class='ocrx_word' id='word_1_294' title='bbox 1574 2219 1662 2254; x_wconf 84' lang='lat' dir='ltr'>ergo</span> <span class='ocrx_word' id='word_1_295' title='bbox 1681 2220 1769 2255; x_wconf 86' lang='lat' dir='ltr'>pars</span> 
     </span>
    </p>
   </div>
   <div class='ocr_carea' id='block_1_12' title="bbox 1487 2275 1511 2294">
    <p class='ocr_par' dir='ltr' id='par_1_12' title="bbox 1487 2275 1511 2294">
     <span class='ocr_line' id='line_1_35' title="bbox 1487 2275 1511 2294; baseline 0 0"><span class='ocrx_word' id='word_1_296' title='bbox 1487 2275 1511 2294; x_wconf 85' lang='lat'>11</span> 
     </span>
    </p>
   </div>
   <div class='ocr_carea' id='block_1_13' title="bbox 434 2274 1768 2325">
    <p class='ocr_par' dir='ltr' id='par_1_13' title="bbox 434 2274 1768 2325">
     <span class='ocr_line' id='line_1_36' title="bbox 434 2274 1768 2325; baseline 0 -13"><span class='ocrx_word' id='word_1_297' title='bbox 434 2275 680 2325; x_wconf 87' lang='lat' dir='ltr'>questionum</span> <span class='ocrx_word' id='word_1_298' title='bbox 711 2274 932 2312; x_wconf 89' lang='lat' dir='ltr'>huiusmodi</span> <span class='ocrx_word' id='word_1_299' title='bbox 963 2275 1025 2312; x_wconf 87' lang='lat' dir='ltr'>vel</span> <span class='ocrx_word' id='word_1_300' title='bbox 1060 2288 1136 2312; x_wconf 86' lang='lat' dir='ltr'>non</span> <span class='ocrx_word' id='word_1_301' title='bbox 1167 2275 1285 2312; x_wconf 88' lang='lat' dir='ltr'>habet</span> <span class='ocrx_word' id='word_1_302' title='bbox 1317 2288 1481 2321; x_wconf 84' lang='lat' dir='ltr'>causam,</span> <span class='ocrx_word' id='word_1_303' title='bbox 1545 2275 1609 2312; x_wconf 87' lang='lat' dir='ltr'>vel</span> <span class='ocrx_word' id='word_1_304' title='bbox 1640 2288 1768 2312; x_wconf 88' lang='lat' dir='ltr'>conse-</span> 
     </span>
    </p>
   </div>
   <div class='ocr_carea' id='block_1_14' title="bbox 434 2344 1836 2532">
    <p class='ocr_par' dir='ltr' id='par_1_14' title="bbox 434 2344 1836 2532">
     <span class='ocr_line' id='line_1_37' title="bbox 434 2344 1836 2395; baseline -0.001 -13"><span class='ocrx_word' id='word_1_305' title='bbox 434 2345 570 2395; x_wconf 88' lang='lat' dir='ltr'>quitur</span> <span class='ocrx_word' id='word_1_306' title='bbox 605 2344 863 2382; x_wconf 82' lang='lat' dir='ltr'>cssencialiter</span> <span class='ocrx_word' id='word_1_307' title='bbox 899 2344 947 2381; x_wconf 88' lang='lat' dir='ltr'>ad</span> <span class='ocrx_word' id='word_1_308' title='bbox 979 2344 1116 2390; x_wconf 87' lang='lat' dir='ltr'>Deum,</span> <span class='ocrx_word' id='word_1_309' title='bbox 1157 2344 1256 2382; x_wconf 90' lang='lat' dir='ltr'>sicut</span> <span class='ocrx_word' id='word_1_310' title='bbox 1291 2344 1415 2394; x_wconf 88' lang='lat' dir='ltr'>passio</span> <span class='ocrx_word' id='word_1_311' title='bbox 1453 2345 1502 2382; x_wconf 89' lang='lat' dir='ltr'>ad</span> <span class='ocrx_word' id='word_1_312' title='bbox 1538 2345 1765 2383; x_wconf 84' lang='lat' dir='ltr'>subiectum.</span> <span class='ocrx_word' id='word_1_313' title='bbox 1788 2346 1836 2381; x_wconf 88' lang='lat'>30</span> 
     </span>
     <span class='ocr_line' id='line_1_38' title="bbox 435 2413 1765 2464; baseline -0.001 -12"><span class='ocrx_word' id='word_1_314' title='bbox 435 2415 559 2452; x_wconf 87' lang='lat' dir='ltr'>Causa</span> <span class='ocrx_word' id='word_1_315' title='bbox 595 2416 720 2451; x_wconf 87' lang='lat' dir='ltr'>autem</span> <span class='ocrx_word' id='word_1_316' title='bbox 759 2413 953 2461; x_wconf 83' lang='lat' dir='ltr'>negative,</span> <span class='ocrx_word' id='word_1_317' title='bbox 994 2427 1069 2463; x_wconf 89' lang='lat' dir='ltr'>que</span> <span class='ocrx_word' id='word_1_318' title='bbox 1116 2416 1174 2451; x_wconf 91' lang='lat' dir='ltr'>est</span> <span class='ocrx_word' id='word_1_319' title='bbox 1215 2414 1380 2451; x_wconf 86' lang='lat' dir='ltr'>secunda</span> <span class='ocrx_word' id='word_1_320' title='bbox 1416 2427 1504 2463; x_wconf 85' lang='lat' dir='ltr'>pars</span> <span class='ocrx_word' id='word_1_321' title='bbox 1541 2414 1765 2464; x_wconf 89' lang='lat' dir='ltr'>questionis,</span> 
     </span>
     <span class='ocr_line' id='line_1_39' title="bbox 434 2482 1769 2532; baseline 0 -11"><span class='ocrx_word' id='word_1_322' title='bbox 434 2483 607 2521; x_wconf 87' lang='lat' dir='ltr'>absolute</span> <span class='ocrx_word' id='word_1_323' title='bbox 635 2482 846 2521; x_wconf 87' lang='lat' dir='ltr'>necessaria</span> <span class='ocrx_word' id='word_1_324' title='bbox 874 2485 931 2520; x_wconf 86' lang='lat' dir='ltr'>est</span> <span class='ocrx_word' id='word_1_325' title='bbox 958 2496 1027 2532; x_wconf 91' lang='lat' dir='ltr'>per</span> <span class='ocrx_word' id='word_1_326' title='bbox 1052 2496 1090 2520; x_wconf 89' lang='lat' dir='ltr'>se</span> <span class='ocrx_word' id='word_1_327' title='bbox 1116 2482 1248 2521; x_wconf 85' lang='lat' dir='ltr'>divina</span> <span class='ocrx_word' id='word_1_328' title='bbox 1274 2483 1452 2521; x_wconf 88' lang='lat' dir='ltr'>essencia.</span> <span class='ocrx_word' id='word_1_329' title='bbox 1511 2483 1607 2521; x_wconf 90' lang='lat' dir='ltr'>Cum</span> <span class='ocrx_word' id='word_1_330' title='bbox 1627 2483 1730 2521; x_wconf 88' lang='lat' dir='ltr'>enim</span> <span class='ocrx_word' id='word_1_331' title='bbox 1743 2485 1769 2505; x_wconf 83' lang='lat'>¹²</span> 
     </span>
    </p>
   </div>
   <div class='ocr_carea' id='block_1_15' title="bbox 195 2567 1766 2817">
    <p class='ocr_par' dir='ltr' id='par_1_15' title="bbox 210 2567 1529 2611">
     <span class='ocr_line' id='line_1_40' title="bbox 210 2567 1529 2611; baseline 0 -12"><span class='ocrx_word' id='word_1_332' title='bbox 210 2569 256 2592; x_wconf 77' lang='lat'>¹-1</span> <span class='ocrx_word' id='word_1_333' title='bbox 281 2568 324 2600; x_wconf 84' lang='lat' dir='ltr'>sic</span> <span class='ocrx_word' id='word_1_334' title='bbox 340 2568 457 2611; x_wconf 84' lang='lat' dir='ltr'>duplex</span> <span class='ocrx_word' id='word_1_335' title='bbox 473 2568 515 2599; x_wconf 89' lang='lat' dir='ltr'>sit</span> <span class='ocrx_word' id='word_1_336' title='bbox 529 2569 559 2599; x_wconf 93' lang='lat' dir='ltr'>A</span> <span class='ocrx_word' id='word_1_337' title='bbox 573 2568 598 2599; x_wconf 94' lang='lat' dir='ltr'>B</span> <span class='ocrx_word' id='word_1_338' title='bbox 612 2568 656 2607; x_wconf 79' lang='lat' dir='ltr'>C3</span> <span class='ocrx_word' id='word_1_339' title='bbox 683 2568 765 2599; x_wconf 87' lang='lat' dir='ltr'>sicut</span> <span class='ocrx_word' id='word_1_340' title='bbox 780 2567 897 2609; x_wconf 86' lang='lat' dir='ltr'>duplex</span> <span class='ocrx_word' id='word_1_341' title='bbox 912 2567 976 2599; x_wconf 83' lang='lat' dir='ltr'>fuit</span> <span class='ocrx_word' id='word_1_342' title='bbox 993 2567 1032 2599; x_wconf 94' lang='grc' dir='ltr'>Ο.</span> <span class='ocrx_word' id='word_1_343' title='bbox 1316 2567 1329 2587; x_wconf 87' lang='lat'><strong>²</strong></span> <span class='ocrx_word' id='word_1_344' title='bbox 1352 2578 1409 2599; x_wconf 83' lang='lat' dir='ltr'>nec</span> <span class='ocrx_word' id='word_1_345' title='bbox 1425 2579 1483 2599; x_wconf 84' lang='lat' dir='ltr'>om.</span> <span class='ocrx_word' id='word_1_346' title='bbox 1504 2567 1529 2599; x_wconf 96' lang='grc' dir='ltr'><strong>Ο</strong></span> 
     </span>
    </p>

    <p class='ocr_par' dir='ltr' id='par_1_16' title="bbox 208 2610 1766 2740">
     <span class='ocr_line' id='line_1_41' title="bbox 210 2610 1766 2652; baseline 0.001 -10"><span class='ocrx_word' id='word_1_347' title='bbox 210 2611 259 2634; x_wconf 77' lang='grc'>3-3</span> <span class='ocrx_word' id='word_1_348' title='bbox 281 2611 335 2642; x_wconf 83' lang='lat' dir='ltr'>sed</span> <span class='ocrx_word' id='word_1_349' title='bbox 351 2615 398 2643; x_wconf 85' lang='lat' dir='ltr'>est</span> <span class='ocrx_word' id='word_1_350' title='bbox 414 2611 488 2642; x_wconf 89' lang='lat' dir='ltr'>ordo</span> <span class='ocrx_word' id='word_1_351' title='bbox 505 2614 617 2642; x_wconf 79' lang='lat' dir='ltr'>nature</span> <span class='ocrx_word' id='word_1_352' title='bbox 633 2611 716 2642; x_wconf 87' lang='lat' dir='ltr'>inter</span> <span class='ocrx_word' id='word_1_353' title='bbox 731 2612 760 2642; x_wconf 91' lang='lat' dir='ltr'>A</span> <span class='ocrx_word' id='word_1_354' title='bbox 773 2611 800 2641; x_wconf 92' lang='lat' dir='ltr'>B</span> <span class='ocrx_word' id='word_1_355' title='bbox 813 2611 849 2643; x_wconf 84' lang='lat' dir='ltr'>O.</span> <span class='ocrx_word' id='word_1_356' title='bbox 1317 2611 1330 2631; x_wconf 84' lang='lat'>4</span> <span class='ocrx_word' id='word_1_357' title='bbox 1355 2610 1478 2652; x_wconf 81' lang='lat' dir='ltr'>cipiunt</span> <span class='ocrx_word' id='word_1_358' title='bbox 1494 2610 1518 2642; x_wconf 83' lang='lat' dir='ltr'>O</span> <span class='ocrx_word' id='word_1_359' title='bbox 1532 2621 1539 2648; x_wconf 87' lang='lat'>;</span> <span class='ocrx_word' id='word_1_360' title='bbox 1566 2621 1631 2642; x_wconf 83' lang='lat' dir='ltr'>esse</span> <span class='ocrx_word' id='word_1_361' title='bbox 1648 2622 1705 2643; x_wconf 87' lang='lat' dir='ltr'>om.</span> <span class='ocrx_word' id='word_1_362' title='bbox 1727 2612 1766 2644; x_wconf 93' lang='grc' dir='ltr'>Ο.</span> 
     </span>
     <span class='ocr_line' id='line_1_42' title="bbox 208 2653 1764 2696; baseline 0.002 -11"><span class='ocrx_word' id='word_1_363' title='bbox 208 2655 221 2674; x_wconf 83' lang='lat'>⁵</span> <span class='ocrx_word' id='word_1_364' title='bbox 244 2654 337 2686; x_wconf 91' lang='lat' dir='ltr'>hodie</span> <span class='ocrx_word' id='word_1_365' title='bbox 353 2667 410 2685; x_wconf 86' lang='lat' dir='ltr'>om.</span> <span class='ocrx_word' id='word_1_366' title='bbox 428 2654 463 2687; x_wconf 83' lang='lat' dir='ltr'>C.</span> <span class='ocrx_word' id='word_1_367' title='bbox 556 2654 568 2674; x_wconf 75' lang='lat'><strong>⁶</strong></span> <span class='ocrx_word' id='word_1_368' title='bbox 592 2654 671 2696; x_wconf 56' lang='lat' dir='ltr'>qai-d</span> <span class='ocrx_word' id='word_1_369' title='bbox 689 2654 769 2685; x_wconf 86' lang='lat' dir='ltr'>libet</span> <span class='ocrx_word' id='word_1_370' title='bbox 787 2654 854 2695; x_wconf 74' lang='lat' dir='ltr'>(sic)</span> <span class='ocrx_word' id='word_1_371' title='bbox 873 2665 987 2685; x_wconf 78' lang='lat' dir='ltr'>rasura</span> <span class='ocrx_word' id='word_1_372' title='bbox 1003 2655 1069 2684; x_wconf 82' lang='lat' dir='ltr'>alia</span> <span class='ocrx_word' id='word_1_373' title='bbox 1084 2664 1179 2684; x_wconf 82' lang='lat' dir='ltr'>manu</span> <span class='ocrx_word' id='word_1_374' title='bbox 1195 2655 1266 2685; x_wconf 83' lang='lat' dir='ltr'>add.</span> <span class='ocrx_word' id='word_1_375' title='bbox 1285 2653 1314 2684; x_wconf 93' lang='lat' dir='ltr'>A</span> <span class='ocrx_word' id='word_1_376' title='bbox 1329 2665 1336 2693; x_wconf 86' lang='grc'><strong>;</strong></span> <span class='ocrx_word' id='word_1_377' title='bbox 1356 2653 1495 2695; x_wconf 84' lang='lat' dir='ltr'>quelibet</span> <span class='ocrx_word' id='word_1_378' title='bbox 1507 2654 1533 2684; x_wconf 93' lang='lat' dir='ltr'>B</span> <span class='ocrx_word' id='word_1_379' title='bbox 1548 2664 1555 2693; x_wconf 89' lang='lat'>;</span> <span class='ocrx_word' id='word_1_380' title='bbox 1575 2654 1712 2696; x_wconf 85' lang='lat' dir='ltr'>quilibet</span> <span class='ocrx_word' id='word_1_381' title='bbox 1729 2655 1764 2689; x_wconf 89' lang='lat' dir='ltr'>C.</span> 
     </span>
     <span class='ocr_line' id='line_1_43' title="bbox 208 2696 1542 2740; baseline 0 -12"><span class='ocrx_word' id='word_1_382' title='bbox 208 2699 256 2720; x_wconf 88' lang='lat'>⁷—7</span> <span class='ocrx_word' id='word_1_383' title='bbox 280 2700 394 2729; x_wconf 87' lang='lat' dir='ltr'>natura</span> <span class='ocrx_word' id='word_1_384' title='bbox 409 2697 534 2739; x_wconf 87' lang='lat' dir='ltr'>proprie</span> <span class='ocrx_word' id='word_1_385' title='bbox 549 2697 648 2729; x_wconf 86' lang='lat' dir='ltr'>nichil</span> <span class='ocrx_word' id='word_1_386' title='bbox 663 2700 767 2740; x_wconf 87' lang='lat' dir='ltr'>potest</span> <span class='ocrx_word' id='word_1_387' title='bbox 783 2697 852 2729; x_wconf 87' lang='lat' dir='ltr'>fieri</span> <span class='ocrx_word' id='word_1_388' title='bbox 867 2697 893 2728; x_wconf 90' lang='lat' dir='ltr'><strong>B</strong></span> <span class='ocrx_word' id='word_1_389' title='bbox 909 2708 916 2736; x_wconf 83' lang='lat'>3</span> <span class='ocrx_word' id='word_1_390' title='bbox 942 2700 1056 2728; x_wconf 87' lang='lat' dir='ltr'>natura</span> <span class='ocrx_word' id='word_1_391' title='bbox 1070 2707 1168 2738; x_wconf 86' lang='lat' dir='ltr'>prope</span> <span class='ocrx_word' id='word_1_392' title='bbox 1183 2697 1283 2728; x_wconf 90' lang='lat' dir='ltr'>nichil</span> <span class='ocrx_word' id='word_1_393' title='bbox 1299 2696 1367 2728; x_wconf 89' lang='lat' dir='ltr'>fieri</span> <span class='ocrx_word' id='word_1_394' title='bbox 1381 2699 1486 2739; x_wconf 87' lang='lat' dir='ltr'>posset</span> <span class='ocrx_word' id='word_1_395' title='bbox 1503 2697 1542 2728; x_wconf 92' lang='lat' dir='ltr'>O.</span> 
     </span>
    </p>

    <p class='ocr_par' dir='ltr' id='par_1_17' title="bbox 195 2740 1745 2817">
     <span class='ocr_line' id='line_1_44' title="bbox 210 2740 1745 2782; baseline 0.002 -11"><span class='ocrx_word' id='word_1_396' title='bbox 210 2741 223 2760; x_wconf 72' lang='grc'>5</span> <span class='ocrx_word' id='word_1_397' title='bbox 245 2751 449 2782; x_wconf 89' lang='lat' dir='ltr'>personarum</span> <span class='ocrx_word' id='word_1_398' title='bbox 464 2752 520 2774; x_wconf 87' lang='lat' dir='ltr'>om.</span> <span class='ocrx_word' id='word_1_399' title='bbox 542 2740 580 2772; x_wconf 91' lang='lat' dir='ltr'>B.</span> <span class='ocrx_word' id='word_1_400' title='bbox 928 2740 941 2760; x_wconf 77' lang='lat'>9</span> <span class='ocrx_word' id='word_1_401' title='bbox 963 2740 1102 2771; x_wconf 86' lang='lat' dir='ltr'>naturali</span> <span class='ocrx_word' id='word_1_402' title='bbox 1124 2740 1147 2771; x_wconf 84' lang='lat' dir='ltr'>O</span> <span class='ocrx_word' id='word_1_403' title='bbox 1161 2740 1198 2773; x_wconf 89' lang='lat' dir='ltr'>O.</span> <span class='ocrx_word' id='word_1_404' title='bbox 1549 2740 1573 2760; x_wconf 83' lang='lat'>¹⁰</span> <span class='ocrx_word' id='word_1_405' title='bbox 1595 2743 1686 2782; x_wconf 86' lang='lat' dir='ltr'>parte</span> <span class='ocrx_word' id='word_1_406' title='bbox 1705 2741 1745 2775; x_wconf 89' lang='grc' dir='ltr'>Ο.</span> 
     </span>
     <span class='ocr_line' id='line_1_45' title="bbox 195 2782 1654 2817; baseline 0.001 -2"><span class='ocrx_word' id='word_1_407' title='bbox 195 2783 219 2803; x_wconf 79' lang='lat'>¹¹</span> <span class='ocrx_word' id='word_1_408' title='bbox 242 2794 368 2815; x_wconf 86' lang='lat' dir='ltr'>causam</span> <span class='ocrx_word' id='word_1_409' title='bbox 384 2794 440 2816; x_wconf 86' lang='lat' dir='ltr'>om.</span> <span class='ocrx_word' id='word_1_410' title='bbox 462 2783 496 2817; x_wconf 86' lang='lat' dir='ltr'>C.</span> <span class='ocrx_word' id='word_1_411' title='bbox 1312 2783 1339 2803; x_wconf 80' lang='lat'>¹²</span> <span class='ocrx_word' id='word_1_412' title='bbox 1363 2782 1447 2815; x_wconf 88' lang='lat' dir='ltr'>enim</span> <span class='ocrx_word' id='word_1_413' title='bbox 1463 2794 1518 2815; x_wconf 87' lang='lat' dir='ltr'>om.</span> <span class='ocrx_word' id='word_1_414' title='bbox 1536 2783 1566 2815; x_wconf 91' lang='lat' dir='ltr'>A</span> <span class='ocrx_word' id='word_1_415' title='bbox 1580 2783 1606 2815; x_wconf 91' lang='lat' dir='ltr'><strong>B</strong></span> <span class='ocrx_word' id='word_1_416' title='bbox 1619 2783 1654 2817; x_wconf 89' lang='lat' dir='ltr'>C.</span> 
     </span>
    </p>
   </div>
  </div>
 </body>
</html>
