2028 3346
166 234 222 276 22
771 244 991 272 JOHANle
1021 244 1193 272 WYCLIF
1652 241 1737 275 [cn.
1756 241 1798 268 11.

165 376 190 402 is
203 378 254 402 not
266 383 335 409 very
348 382 424 402 man.
454 365 594 401 natura
621 363 772 412 integra
801 376 851 400 ex
879 375 1033 412 corpore
1064 364 1103 400 et
1135 361 1262 400 anima
1290 362 1520 412 composita:
1551 363 1664 400 homo
1693 361 1797 400 enim

456 436 514 471 est
554 433 705 471 racione
745 432 903 482 spiritus
940 432 1112 470 eiusdem
1149 432 1290 482 speciei
1327 445 1415 470 cum
1451 432 1598 481 angelis
1635 435 1675 470 et
1720 445 1798 469 non

453 502 606 540 racione
625 504 763 539 nature
783 514 972 550 corporee.

508 572 560 609 Et
579 585 647 620 per
665 572 736 609 hoc
755 573 864 620 patet
885 570 988 620 quod
1008 570 1164 620 quidam
1185 570 1314 608 minus
1328 570 1593 618 intelligentes
1607 569 1796 619 Augusti-

165 613 333 644 Augustine

166 646 436 713 ssfficyhtizasslhagoff}
453 653 547 677 num
572 642 714 689 putant
745 640 872 689 ipsum
899 639 1156 677 contradicere
1186 640 1259 677 sibi
1286 639 1371 689 ipsi,
1396 640 1549 690 quando
1569 639 1665 677 dicit
1693 639 1797 689 quod

331 700 338 712 ‚

166 713 438 772 ffirdeggffimiegtstlffi
454 710 581 747 anima
599 723 677 747 non
698 709 910 758 completus
931 711 999 746 aut
1016 709 1021 757 l
1039 711 1145 746 totus
1161 710 1171 729 ¹
1191 710 1326 746 homo:
1349 710 1458 746 nam²
1477 722 1614 746 verum
1634 708 1729 745 dicit
1748 708 1796 745 ad
1817 709 1861 752 [A
1869 708 1950 751 77ᾱ]

165 779 249 811 flesh,
297 779 608 816 inte11e0t‚sensum
628 780 640 800 ³
690 778 924 828 expositum.
1021 778 1135 816 Unde
1184 778 1362 827 Epistola
1399 781 1448 815 40
1486 778 1535 815 ad
1570 778 1796 815 Dardanum

166 813 377 881 auiiukgpillitil.
391 821 435 883 413n
454 848 635 885 solvendo
674 847 916 897 questionem
953 847 998 884 de
1046 847 1148 884 dicto
1189 846 1424 885 Salvatoris⁴¹
1467 847 1562 884 Luc.
1606 849 1654 883 23
1695 847 1796 896 quo⁵

143 902 366 968 {Zffssssssssgstm’
386 909 433 928 are
451 916 627 966 promisit
652 917 657 965 Ι
682 916 825 954 latroni
862 916 965 966 quod
1000 916 1101 953 foret
1139 929 1268 954 secum
1305 916 1374 953 illo
1412 915 1473 953 die
1511 916 1552 953 in
1588 916 1763 965 paradiso
1785 930 1794 963 ;
1817 918 1951 962 [0431)]

454 990 463 1007 ‘
479 989 698 1036 antequam,
721 985 863 1035 inquit,
894 985 1036 1023 sciatur
1064 987 1198 1023 utrum
1227 985 1439 1022 secundum
1467 985 1677 1023 deitatem⁶
1705 985 1794 1022 vel⁷

450 1056 662 1093 secundum
712 1055 1000 1092 humanitatem
1057 1054 1304 1102 intelligatur
1348 1054 1548 1104 promissio
1593 1053 1792 1101 Veritatis,

450 1125 602 1172 oportet
633 1123 764 1160 videre
795 1123 983 1173 quomodo
1022 1122 1071 1160 sit
1108 1123 1346 1172 loquendum
1383 1122 1430 1160 de
1466 1122 1634 1160 homine.
1686 1123 1792 1168 Non,

449 1192 581 1242 inquit
613 1193 871 1240 Augustinus,
914 1192 1014 1230 sicut
1052 1192 1210 1242 quidam
1245 1192 1408 1230 heretici
1446 1191 1594 1239 dicunt,
1624 1192 1795 1229 Verbum

448 1260 549 1298 DeiS
582 1263 621 1298 et
659 1274 809 1298 carnem
847 1261 928 1299 sine
966 1261 1094 1299 anima
1130 1262 1328 1298 humana⁹
1381 1260 1561 1310 suscepit,
1603 1260 1655 1298 sic
1693 1260 1796 1310 quod

448 1329 621 1367 Verbum
650 1333 749 1368 esset
777 1330 883 1368 carni
910 1344 978 1379 pro
1007 1330 1134 1368 anima
1150 1346 1159 1379 ;
1188 1332 1253 1369 vel
1276 1331 1449 1368 Verbum
1477 1330 1551 1367 Dei
1578 1343 1731 1368 carnem
1757 1333 1796 1369 et
1820 1334 1864 1369 15

449 1399 616 1437 animam
659 1399 740 1437 sine
785 1403 927 1446 mente,
968 1402 1014 1438 ut
1050 1400 1222 1438 Verbum
1259 1400 1334 1437 Dei
1371 1402 1470 1437 esset
1507 1399 1633 1437 anime
1654 1400 1680 1420 ¹⁰
1726 1413 1795 1449 pro

449 1471 592 1506 mente.
651 1468 726 1506 Sed
753 1469 906 1518 accipis,
937 1468 1067 1519 inquit
1095 1470 1144 1507 ad
1171 1469 1408 1515 Dardanum,
1439 1468 1636 1506 hominem
1665 1469 1795 1506 Chris-

448 1540 556 1584 tum;
579 1536 712 1574 sicut¹¹
733 1537 910 1586 superius
930 1537 1020 1575 aisti
1040 1538 1143 1587 quod
1164 1538 1361 1576 Christum
1381 1538 1508 1575 Deum
1525 1533 1796 1575 non'crederes

447 1606 523 1643 nisi
550 1606 768 1655 perfectum
795 1606 991 1644 hominem
1020 1607 1255 1645 credidisses.
1311 1607 1501 1653 Profecto,
1532 1606 1675 1656 inquit,
1708 1620 1796 1644 cum

447 1675 543 1713 dicis
570 1675 779 1722 hominem,
802 1675 1014 1725 perfectam
1041 1678 1160 1713 totam
1191 1675 1273 1714 illic
1300 1678 1480 1713 naturam
1508 1676 1718 1712 humanam
1736 1675 1795 1712 vis
1815 1682 1864 1717 20

448 1743 682 1793 intelligere.
739 1744 829 1781 Non
862 1747 920 1782 est
932 1746 958 1765 ¹²
991 1747 1122 1782 autem
1149 1745 1263 1782 homo
1295 1744 1490 1794 perfectus
1519 1744 1551 1781 si
1577 1744 1641 1782 vel
1668 1743 1796 1781 anima

450 1813 556 1851 carni
585 1814 648 1851 vel
676 1813 801 1851 anime
830 1813 905 1862 ipsi
934 1827 1043 1851 mens
1057 1815 1081 1835 ¹³
1109 1814 1281 1851 humana
1309 1813 1503 1851 defuerit.'
1522 1813 1549 1834 ¹4
1602 1813 1655 1850 Et
1687 1813 1797 1850 illam

449 1885 630 1920 naturam
663 1883 852 1932 complete
887 1896 936 1920 ex
974 1883 1103 1920 anima
1136 1885 1174 1921 et
1212 1896 1367 1932 corpore
1405 1882 1649 1931 compositam
1684 1884 1797 1920 vocat

451 1965 564 2001 super
582 1952 606 1989 J
609 1952 668 1988 oh.
692 1953 799 1989 Ome.
822 1953 870 1990 47
887 1953 912 1973 ¹⁵
931 1954 1059 1990 totum
1079 1951 1276 1990 hominem
1294 1967 1302 1990 :
1335 1965 1452 2001 quam
1465 1953 1489 1972 ¹⁶
1508 1954 1643 1989 notum
1670 1954 1727 1988 est
1746 1964 1796 1988 ex

160 2029 261 2089 §1133ss
273 2029 433 2090 inisthealffei
451 2021 564 2058 dictis
583 2021 641 2058 De
659 2021 806 2058 Ani-ma
825 2021 1016 2070 distingui
1034 2024 1116 2059 tam
1135 2035 1156 2058 a
1180 2034 1334 2071 corpore
1363 2034 1480 2071 quam
1509 2020 1636 2058 anima
1652 2021 1675 2042 ¹⁷
1704 2020 1796 2058 licet
1815 2024 1863 2059 25

162 2098 286 2123 Anima:
451 2091 579 2128 omnia
614 2090 689 2128 ista
725 2090 802 2128 tria
838 2090 916 2128 sint
953 2091 1085 2128 eadem
1121 2103 1282 2139 persona
1314 2090 1494 2128 hominis.
1571 2090 1634 2127 Sic
1664 2103 1753 2138 ergo
1770 2090 1795 2112 ¹¹³

449 2160 729 2208 intelligendus
755 2162 813 2197 est
840 2160 1087 2208 Augustinus
1116 2161 1425 2210 quandocunque
1455 2159 1611 2197 videtur
1638 2159 1764 2197 dicere
1785 2160 1790 2207 1
1815 2161 1856 2204 [Β
1869 2161 1970 2204 1198]

451 2230 554 2279 quod
582 2242 719 2278 corpus
746 2230 810 2267 vel
838 2229 966 2267 anima
990 2243 1068 2266 non
1089 2232 1146 2267 est
1165 2230 1278 2267 homo
1292 2244 1301 2277 ;
1331 2229 1372 2267 id
1400 2231 1468 2276 est,
1491 2242 1570 2266 non
1589 2232 1647 2267 est
1663 2230 1687 2250 ¹⁹
1714 2231 1796 2267 tota

448 2298 512 2335 vel
544 2299 734 2347 completa
765 2301 907 2336 natura
939 2311 989 2336 ex
1022 2312 1176 2348 corpore
1211 2301 1250 2337 et
1282 2299 1410 2336 anima
1440 2298 1660 2348 composita.
1720 2298 1795 2336 Sed

446 2380 515 2416 pro
545 2367 738 2405 solucione
765 2368 938 2405 Dardani
967 2368 1179 2418 questionis
1198 2368 1354 2405 videtur
1381 2367 1602 2416 Augustino
1632 2367 1794 2405 catholi-
1814 2376 1862 2411 30

447 2449 535 2473 cum
573 2437 678 2486 quod
713 2437 914 2487 promissio
960 2437 1066 2475 facta
1102 2437 1245 2475 latroni
1289 2437 1538 2485 intelligatur
1583 2437 1794 2474 secundum

218 2571 229 2592 ¹
252 2574 340 2604 totus
355 2575 412 2604 aut
428 2574 602 2617 completus
624 2574 662 2606 O.
788 2575 801 2595 ²
823 2584 864 2606 no
906 2575 944 2607 Ο.
1403 2574 1416 2595 ³
1439 2584 1617 2605 sermonem
1632 2573 1662 2605 A
1677 2574 1702 2605 B
1718 2573 1754 2605 C.

217 2614 229 2635 ⁴
253 2615 409 2648 salvatore
428 2617 465 2648 Ο.
792 2618 805 2638 ⁵
829 2615 1092 2660 qff6=quomodo
1116 2617 1195 2650 AO.
1406 2617 1418 2637 ⁶
1442 2617 1642 2648 divinitatem
1665 2617 1703 2648 Ο.

217 2658 230 2679 ⁷
254 2661 310 2689 aut
327 2659 365 2690 B.
790 2661 803 2681 Β
826 2661 886 2692 dc}
903 2661 941 2693 O.
1407 2662 1419 2682 ⁹
1442 2660 1583 2691 humana
1596 2671 1653 2691 om.
1670 2660 1699 2691 A
1713 2659 1739 2691 B
1754 2659 1790 2691 C.

204 2700 232 2720 ¹0
255 2701 362 2732 anima
379 2702 416 2733 C.
627 2703 650 2723 ¹¹
675 2703 763 2735 sicud
780 2705 807 2735 A
820 2704 846 2734 B
861 2704 896 2737 O.
1034 2704 1059 2724 ¹2
1082 2706 1130 2735 est
1152 2715 1210 2735 om.
1230 2705 1269 2735 Ο.
1506 2703 1534 2723 1³
1557 2713 1644 2734 meus
1662 2702 1700 2734 O.

204 2743 231 2764 ¹4
254 2743 392 2776 deseruit
410 2745 447 2777 Ο.
625 2747 649 2767 ¹⁵
674 2750 714 2778 40
730 2748 759 2778 A
773 2747 799 2778 B
812 2746 849 2779 C.
1037 2747 1063 2768 ¹⁶
1087 2757 1268 2789 quanquam
1286 2746 1325 2778 O.
1500 2745 1525 2766 ¹⁷
1549 2746 1656 2777 anima
1671 2757 1729 2777 om.
1751 2745 1789 2777 O.

202 2786 229 2807 ¹⁸
251 2786 353 2829 igitur
367 2788 397 2819 A
409 2788 444 2821 C.
1033 2790 1057 2810 ¹⁹
1080 2800 1145 2822 non
1161 2794 1208 2822 est
1226 2792 1258 2821 in
1274 2791 1415 2831 marqz'ne
1433 2789 1470 2822 O.
