2028 3346
183 198 239 241 28
796 218 1017 246 JOHANNIS
1047 219 1216 247 WYCLIF
1660 216 1747 250 [en.
1765 213 1807 240 11.

181 340 298 404 {iissfffie
312 348 342 366 as
372 333 627 407 s?y‡]1andum
657 336 714 373 est
742 348 796 383 e0,
829 336 931 386 quod
959 339 1156 386 assumpta
1186 339 1244 375 est
1274 351 1296 375 a
1325 337 1452 375 Verbo
1480 338 1526 375 ut
1557 335 1808 374 immortalis¹

181 407 450 466 {thg'issta'tshssfifssffifig
469 402 770 441 constitueretur
796 404 837 441 in
865 405 957 451 celo,
990 408 1106 454 atque
1138 405 1194 443 ita
1226 406 1361 443 fieret²
1393 408 1497 443 terra
1530 404 1717 451 sublimis,
1740 404 1809 442 ut³

182 473 340 499 exaltation
353 474 384 499 0s
401 475 450 500 the
469 471 773 521 incorruptibilis
809 473 964 522 pulvis⁴²
1011 474 1140 512 sedeat
1185 474 1233 512 ad
1279 475 1456 512 dextram
1493 474 1641 522 Patris3
1681 475 1719 511 et
1756 472 1809 510 sic

240 540 393 567 1cor.xv.
408 541 449 566 53·
471 540 668 579 Christum
706 541 762 579 ire
800 543 847 579 ad
885 543 1039 580 Patrem
1077 545 1116 581 et
1145 544 1320 581 recedere
1350 556 1371 580 a
1402 543 1513 580 nobis
1546 545 1603 580 est
1636 536 1807 588 mortale,

181 605 288 631 mortal
313 606 373 631 into
397 606 452 631 im-

180 639 337 672 mortality.
347 639 449 669 which,

180 672 455 731 ζξξζῗξῃξξὲῗὲξῇᾶ,
470 678 566 720 Quis
611 692 701 727 ergo
750 693 827 717 non
863 680 955 718 hinc
1003 681 1169 729 gaudeat
1204 683 1250 719 ut
1287 684 1326 719 et
1374 694 1482 718 suam
1518 682 1697 717 naturam
1733 678 1810 716 iam

180 738 381 803 ξξζξζζξῑξῂξ
402 739 451 797 ξξῗ
469 747 725 786 immortalem
755 750 973 798 gratuletur
1000 750 1041 787 in
1071 750 1235 797 Christo,
1267 751 1334 788 ac⁶
1366 750 1466 787 illud
1499 763 1538 787 se
1570 750 1697 798 speret
1730 760 1809 786 esse

180 805 451 832 dmdualbehever.
469 816 647 853 futurum
678 830 748 866 per
781 817 1007 855 Christum?
1061 818 1143 856 Nec
1176 818 1325 865 dubito,
1350 817 1446 868 quin
1479 830 1609 855 omnes
1638 815 1810 854 moderni

470 610 572 658 quod
591 623 641 647 ex
660 611 770 648 nobis
790 611 968 661 suscepit,
990 612 1118 649 levare
1138 612 1179 649 in
1200 613 1350 650 celum⁵
1376 615 1415 650 et
1433 612 1558 649 facere
1578 610 1806 648 immortale.
1827 612 1849 646 5

469 885 686 923 scholastici
721 886 915 924 nescirent
950 887 1178 936 impugnare
1221 887 1314 925 istas
1350 887 1494 936 logicas
1531 887 1578 924 de
1615 886 1655 924 vi
1691 885 1806 924 vocis.

180 952 308 1018 ἒξξαὶξῗθ
321 952 452 1012 agogreffi·
469 954 521 992 Et
554 955 607 992 sic
639 955 829 1003 intelligit
853 956 877 993 J
880 956 1072 994 eronimus
1101 959 1140 994 et
1168 956 1236 994 alii
1262 956 1467 1006 rectiloqui
1493 956 1596 1005 quod
1618 957 1700 993 tota
1726 967 1809 1004 spes
1831 957 1877 993 10

180 1019 243 1044 sion
284 1019 358 1044 from
402 1019 451 1044 the

180 1053 275 1078 words
299 1052 329 1077 of
355 1052 450 1084 Serip-

181 1088 256 1114 ture.
281 1093 311 1111 as
332 1085 451 1111 Jerome

181 1119 456 1151 andothersrightly

183 1152 361 1177 understand
536 1161 543 1168 ·
602 1162 609 1169 ·
691 1162 698 1169 ·
940 1163 946 1169 ·
1687 1161 1693 1168 ·

181 1186 272 1218 them,
303 1186 358 1211 viz.
387 1185 452 1210 that
470 1175 631 1199 sacionis
650 1163 854 1200 tribuendo
874 1162 969 1201 fecit
995 1176 1033 1200 se
1058 1176 1136 1200 non
1162 1163 1344 1211 angelum
1364 1163 1428 1201 vel
1446 1165 1625 1199 naturam
1645 1162 1810 1198 ahenam

180 1219 280 1244 Christ
291 1218 315 1244 is
328 1219 359 1244 in
372 1218 451 1250 plain

469 1025 509 1061 et
528 1023 739 1061 consolacio
762 1026 893 1062 nostra
920 1027 979 1062 est
1006 1024 1047 1062 in
1076 1038 1224 1062 summa
1249 1024 1523 1062 humiliacione
1555 1023 1710 1070 Christi,
1733 1037 1810 1074 qua

468 1095 648 1130 naturam
683 1095 855 1130 nostram
891 1094 1118 1131 assumendo
1163 1096 1201 1131 et
1243 1093 1353 1131 nobis
1394 1094 1617 1142 exemplum
1654 1105 1810 1130 conver-

181 1255 271 1277 terms
398 1259 452 1277 our
470 1232 516 1268 ab
536 1231 702 1277 homine,
726 1231 827 1269 sicut
845 1231 1074 1269 fabulantur
1091 1231 1264 1278 heretici,
1289 1232 1355 1269 sed
1372 1231 1570 1269 verissime
1590 1232 1629 1268 et
1647 1230 1810 1268 univoce

179 1285 308 1312 brother.
469 1300 630 1338 fratrem
649 1302 836 1349 nostrum,
858 1304 904 1339 ut
922 1302 1032 1350 post⁷
1060 1301 1332 1338 declarabitur.
1831 1298 1876 1333 15

1011 1495 1124 1558 Cap.
1165 1496 1266 1542 III.

535 1586 747 1644 [Ostendit
778 1590 884 1641 quod
916 1588 1103 1630 Christus
1118 1589 1212 1640 fuit
1241 1589 1355 1628 homo
1380 1588 1422 1627 in
1455 1588 1601 1636 triduo,
1631 1589 1670 1627 et
1696 1586 1813 1627 obicit

471 1656 750 1706 mzcltzffleeiter
770 1658 807 1695 et
828 1656 1020 1696 dissolvit.

535 1720 708 1762 Clariszff’s
739 1722 954 1772 humanitgs
984 1733 1062 1761 was
1098 1721 1167 1761 not
1197 1720 1419 1772 suspended
1446 1719 1595 1771 during)
1618 1720 1681 1759 tlze
1705 1719 1813 1759 three

472 1786 585 1839 days'
609 1786 910 1838 entombment]

181 1876 377 1936 ἓξὲξῑοεὲὲὲεὲη
386 1876 454 1934 3151}
523 1868 586 1905 Ex
599 1869 612 1889 Β
637 1867 722 1905 istis
746 1868 861 1917 plane
882 1866 1132 1916 consequitur
1151 1866 1254 1916 quod
1275 1866 1451 1904 Christus
1469 1865 1547 1903 fuit
1565 1878 1681 1903 verus
1699 1866 1812 1903 homo

181 1951 212 2002 i}
220 1943 452 2008 ttffistfflggetffiays
470 1937 511 1973 in
530 1937 659 1975 triduo
678 1936 782 1974 inter
800 1936 883 1973 eius
902 1939 1064 1973 mortem
1084 1937 1123 1973 et
1145 1935 1478 1973 resurreccionem.
1535 1934 1727 1971 Probatur
1745 1934 1810 1972 sic.

181 2009 454 2068 ἓηᾱξὲῗιῗξηὶὲἓῖζ
473 2006 718 2043 Cuiuslibet⁰
746 2004 914 2042 hominis
941 2008 1020 2042 tam
1050 2018 1187 2054 corpus
1213 2005 1218 2052 1
1242 2017 1359 2054 quam
1385 2004 1512 2041 anima
1537 2006 1596 2041 est
1620 2003 1812 2052 insepara-
1833 2008 1870 2051 [c
1882 2006 1960 2049 45b]

180 2077 303 2135 gafaffffm
318 2076 454 2134 ῑὶέῐξέζξξ
471 2075 605 2112 biliter
630 2075 733 2112 idem
757 2075 871 2111 homo
890 2088 898 2111 :
931 2075 996 2111 sed
1019 2076 1100 2111 tam
1119 2087 1257 2123 corpus
1278 2073 1422 2111 Christi
1450 2086 1566 2122 quam
1586 2072 1668 2110 eius
1688 2072 1815 2110 anima

182 2141 453 2206 ,Pgfflmanddussffgl
471 2157 540 2192 per
569 2143 718 2181 dictum
746 2143 921 2180 triduum
949 2145 1104 2180 manet:
1146 2155 1235 2191 ergo
1265 2142 1442 2180 Christus
1469 2141 1546 2179 fuit
1573 2155 1641 2191 per
1669 2141 1815 2179 dictum

183 2209 453 2273 ξξξῐὲἒὶξξθᾱῇᾒξῐξέ
470 2212 645 2249 triduum
664 2224 779 2250 verus
797 2212 923 2249 homo.
971 2212 1097 2249 Maior
1118 2214 1226 2260 patet
1246 2224 1295 2248 ex
1314 2211 1440 2249 dictis.
1487 2211 1588 2248 Nam
1608 2210 1814 2260 quomodo-

183 2276 248 2314 that
266 2275 336 2300 time
358 2275 454 2300 Christ

183 2316 208 2334 lS
222 2316 291 2340 very
308 2316 383 2333 man.-

183 2342 252 2367 This
266 2343 420 2367 statement
429 2340 452 2366 is

184 2375 299 2405 enough
322 2375 367 2399 for
386 2381 451 2405 me3

183 2409 236 2466 2}st
250 2407 454 2472 ¹⁶⁰²r‘essffieffiflssg
472 2418 575 2468 quod
599 2420 752 2455 maneat
770 2431 906 2455 verum
936 2418 982 2455 de
1002 2417 1149 2455 virtute
1168 2418 1193 2438 1⁰
1213 2417 1413 2455 sermonis:
1446 2419 1485 2454 et
1513 2418 1566 2454 sic
1586 2418 1735 2466 oportet
1753 2429 1812 2454 me
1831 2420 1878 2456 25

184 2477 327 2506 apparent
395 2474 453 2498 dis·
734 2487 740 2494 .
1343 2486 1349 2493 .
1433 2486 1440 2493 .

183 2507 356 2539 erepaneies‚
377 2506 400 2532 η
430 2507 453 2532 15
472 2488 676 2525 concedere
692 2487 823 2536 aliqua
836 2488 861 2508 ¹1
874 2500 949 2536 que
970 2489 1166 2524 secuntur.
1206 2486 1306 2524 Nam
1323 2486 1415 2524 hcet
1430 2486 1530 2523 1llud
1544 2487 1813 2534 argumentum

184 2541 249 2566 well
270 2543 298 2566 to
323 2540 454 2566 examine
599 2557 606 2564 .
664 2556 671 2563 .
1242 2555 1249 2562 .
1534 2555 1541 2562 ,

183 2574 306 2600 further.
472 2558 537 2594 det
556 2557 675 2594 michi
703 2556 859 2606 plenam
878 2556 993 2593 fidem
1014 2556 1061 2592 ad
1082 2555 1366 2593 conclusionem
1391 2558 1638 2604 propoffitam,
1661 2567 1812 2591 verum-

471 2293 623 2330 cunque
652 2279 843 2328 scriptura
862 2280 926 2317 vel
955 2279 1023 2316 alii
1042 2280 1216 2317 doctores
1236 2279 1416 2317 catholici
1435 2279 1506 2316 hoc
1533 2279 1815 2316 intellexerunt

472 2349 552 2387 sive
580 2349 786 2397 figurative
816 2348 895 2386 sive
916 2348 1042 2394 aliter,
1066 2361 1237 2397 suppono
1258 2361 1318 2385 me
1337 2347 1557 2396 intelligere
1574 2362 1583 2395 ;
1614 2347 1666 2384 sic
1685 2350 1814 2385 tamen

471 2627 602 2663 tamen
620 2638 688 2674 pro
707 2624 913 2662 intellectu
941 2623 1129 2672 scripture
1159 2626 1198 2661 et
1216 2623 1427 2661 veritatum
1456 2635 1695 2660 annexarum
1721 2622 1812 2659 huic

244 2712 255 2732 1
279 2710 469 2743 immortalis
486 2721 543 2741 om.
562 2710 590 2740 A
606 2709 632 2740 B
646 2709 682 2741 C.
827 2708 840 2728 2
865 2709 899 2739 in
915 2710 1000 2739 terra
1016 2709 1045 2739 A
1057 2708 1083 2739 B
1099 2708 1134 2740 C.
1333 2708 1345 2728 ³
1369 2710 1401 2739 et
1420 2708 1457 2739 C.
1611 2706 1624 2726 4
1647 2706 1754 2748 pulius
1772 2705 1809 2737 Ο.

244 2755 257 2774 ⁶
280 2755 313 2786 in
330 2754 432 2787 celum
449 2765 506 2784 om.
527 2753 563 2784 Β.
819 2751 841 2789 ,6
865 2755 899 2782 at
913 2753 942 2782 A
954 2751 1029 2788 BC.
1330 2753 1342 2785 '.¹
1365 2754 1436 2793 post
1448 2761 1505 2782 om.
1523 2751 1552 2781 A
1566 2750 1591 2780 B
1606 2749 1641 2781 C.

248 2798 261 2817 8
287 2800 395 2828 littera
413 2797 554 2827 mitialis
570 2806 626 2827 om.
646 2795 764 2835 atsere
779 2805 895 2833 semper
911 2796 939 2825 A
954 2794 979 2825 B
993 2794 1038 2825 C.'
1326 2794 1338 2814 9
1363 2794 1575 2835 cuiuscunque
1593 2793 1631 2824 O.

231 2840 258 2861 ¹⁰
280 2840 318 2872 de
334 2840 365 2872 vi
380 2839 532 2871 sermonis
547 2839 577 2870 A
589 2838 615 2869 B
629 2848 636 2877 ;
662 2837 699 2870 de
717 2837 844 2870 Christo
860 2837 1012 2869 sermonis
1031 2836 1067 2869 Ὗ.
1313 2837 1337 2857 ¹1
1363 2837 1426 2868 alia
1441 2837 1479 2869 O.
