2028 3346
837 282 1050 312 PREFACE.
1662 260 1706 303 'xi

229 404 277 443 A.
310 403 401 443 God.
428 402 603 442 vindob.
640 401 753 449 1387,
788 402 1111 446 membranaceus,
1144 399 1237 446 f01.;
1268 400 1356 435 ‘215
1388 396 1493 434 folia.
1550 393 1714 442 Singula

175 465 272 502 folia
301 464 343 501 in
373 468 578 514 quaternas
608 463 813 508 columnas,
842 462 1005 511 paginae
1035 461 1078 498 in
1106 460 1227 504 binas,
1258 458 1382 496 divisa
1410 458 1511 494 sunt.
1569 456 1619 491 In
1644 453 1713 490 fol.

181 527 416 562 75a—1040.
438 525 641 561 Tractatus
669 524 715 560 de
744 522 1018 560 Incarnacione
1044 521 1275 558 continetur.
1331 518 1500 555 Pulchra
1525 515 1713 564 scriptura

182 586 299 623 unius
337 599 406 635 per
432 587 559 622 totum
586 586 797 622 tractatum
823 596 972 628 manus,
1010 581 1129 619 seculi
1160 579 1219 618 14i
1248 579 1428 617 exeuntis
1456 578 1520 615 vel
1547 574 1718 613 ineuntis

183 644 241 683 15i
271 658 351 683 esse
383 645 551 683 videtur.
625 644 750 681 Notae
782 646 821 681 et
851 643 998 691 glossae
1035 642 1077 678 in
1114 640 1354 689 marginibus
1385 638 1504 675 variis
1540 635 1717 673 manibus

180 707 354 756 adjectae
397 708 499 742 sunt.
573 704 816 741 Praecedunt
860 703 1065 752 prologum
1109 702 1205 738 haec
1241 701 1359 737 verba
1403 697 1531 735 rubris
1576 695 1718 743 scripta

180 766 345 804 litteris:
376 765 556 815 Prologus
582 765 682 814 myri
712 765 818 802 Jokzs
846 765 886 801 de
913 763 1189 800 Inoarnaez'one.
1245 761 1390 798 Eodem
1419 759 1542 796 colore
1570 756 1714 794 titulus

181 827 304 876 ipsius
328 828 518 864 tractatus
546 825 717 863 excellit.
773 824 947 873 Explicit
972 823 1161 872 proloyus.
1218 821 1363 869 Incipe}
1390 821 1431 857 de
1459 817 1720 856 Inoarnacione

190 888 397 936 capitalem
419 887 599 935 primum.
655 886 828 923 Litterae
857 884 1027 922 initiales
1061 883 1319 932 capitulorum
1352 882 1443 918 sunt
1471 879 1629 916 omissae
1657 876 1721 913 vel

180 949 312 997 potius
340 948 512 984 nondum
549 946 733 995 depictae,
773 946 815 982 in
850 944 1001 982 lacunis
1040 944 1143 981 enim
1179 943 1343 992 parvula
1380 941 1490 988 signa
1525 936 1721 976 miniatori

182 1009 355 1046 litteram
372 1007 589 1057 ponendam
608 1007 794 1044 indicant.

234 1069 424 1106 Notarum
443 1068 715 1116 marginalium
733 1067 879 1115 triplex
908 1065 1106 1113 distinguo
1136 1077 1258 1113 genus
1284 1064 1438 1112 praeter
1464 1059 1722 1110 paragraphos

182 1129 231 1175 A,
253 1129 297 1175 B,
329 1131 416 1175 etc„
448 1128 590 1177 quibus
618 1127 833 1176 capitulum
862 1126 1031 1175 primum
1059 1125 1101 1162 in
1130 1124 1296 1161 minores
1334 1122 1524 1160 dividitur
1561 1122 1720 1170 partes:

187 1189 248 1238 (a)
270 1191 520 1234 correcturae,
542 1201 654 1225 voces
673 1187 715 1224 in
733 1189 849 1225 textu
869 1186 1029 1223 omissae
1047 1185 1112 1222 vel
1135 1198 1157 1222 a
1179 1187 1296 1222 textu
1325 1183 1585 1231 discrepantes
1613 1191 1724 1228 saepe

182 1249 259 1286 alia
286 1262 404 1285 manu
432 1248 616 1297 scriptae;
650 1247 713 1298 (b)
743 1249 972 1295 argumenta
999 1245 1132 1283 brevia
1161 1246 1297 1282 textus
1317 1243 1549 1280 vocabulum
1577 1239 1724 1288 signifi-

186 1309 449 1347 cantissimum
467 1309 706 1358 repetentia;
736 1309 784 1345 acl
803 1308 1027 1356 exemplum
1045 1306 1114 1343 fol.
1138 1306 1227 1343 75b.
1251 1305 1352 1353 (cap.
1369 1304 1404 1341 1.
1425 1317 1463 1352 p.
1487 1306 1521 1349 3,
1538 1302 1581 1339 ll.
1600 1305 1635 1347 9,
1657 1301 1723 1350 10)

185 1371 227 1407 in
256 1370 428 1418 margine
465 1370 585 1406 Homo
609 1370 806 1418 perfectus,
842 1368 1109 1417 Amasenus:
1156 1366 1220 1403 vel
1253 1365 1369 1402 etiam
1401 1364 1459 1414 (c)
1499 1363 1727 1410 argumenta

185 1431 330 1480 majora
357 1430 398 1467 in
426 1432 596 1468 tractatu
623 1429 727 1467 dicta
753 1429 886 1478 paucis
915 1428 1043 1465 verbis
1071 1425 1331 1476 exprimentia
1359 1428 1398 1462 et
1426 1424 1531 1461 haud
1554 1424 1728 1459 rarenter

187 1490 299 1540 quasi
328 1490 536 1538 glossantia
549 1505 558 1538 ;
587 1491 636 1527 ad
655 1490 877 1539 exemplum
897 1489 945 1526 ad
967 1489 1058 1537 Cap.
1080 1488 1114 1524 I.
1135 1501 1174 1537 p.
1198 1490 1233 1534 3,
1255 1487 1282 1523 l.
1305 1489 1351 1523 21
1378 1498 1483 1534 seqq.
1512 1484 1729 1521 Creaturam

198 1552 386 1589 Christum
419 1555 614 1589 asserentes
642 1552 738 1588 sient
775 1554 809 1587 et
844 1554 1013 1599 neqantes
1050 1548 1220 1598 quomodo
1257 1549 1343 1584 sunt
1379 1545 1636 1594 intellvyendz';
1682 1542 1731 1580 ad

190 1625 230 1661 p.
252 1615 287 1658 8,
310 1612 337 1648 l.
361 1615 382 1649 8
401 1625 508 1661 seqq.
566 1612 732 1649 Persona
750 1611 906 1648 hominis
925 1610 1044 1659 sistat
1063 1623 1105 1646 ex
1124 1609 1270 1657 corpore
1289 1611 1324 1644 et
1344 1607 1469 1645 anima
1488 1618 1559 1642 non
1586 1604 1732 1642 videtur

189 1673 368 1710 distincta
389 1672 432 1710 ab
454 1672 658 1722 (Wundate
677 1673 822 1721 inteqra
841 1675 875 1708 ez}
894 1671 1066 1719 completa
1081 1669 1191 1718 faeta
1209 1682 1252 1706 ex
1269 1668 1412 1705 eisdem.

246 1733 371 1770 Notae
408 1734 477 1769 sub
510 1732 570 1783 (b)
603 1736 641 1770 et
672 1732 729 1783 (c)
764 1732 982 1781 specificata
1013 1730 1175 1767 diversis
1212 1732 1251 1766 et
1286 1729 1390 1765 inter
1418 1740 1456 1764 se
1494 1730 1533 1763 et
1566 1739 1588 1763 a
1616 1726 1733 1762 textu

194 1793 373 1830 manibus
404 1793 566 1842 scriptae
596 1796 707 1840 sunt;
737 1793 946 1829 nonnullae
975 1791 1116 1840 speciei
1145 1791 1291 1839 glossae
1310 1789 1352 1826 in
1370 1788 1534 1837 pedibus
1552 1786 1734 1823 foliorum

193 1854 250 1891 ita
279 1854 425 1903 positae
465 1856 567 1902 sunt,
601 1857 659 1899 ut,
693 1853 725 1891 si
762 1867 825 1890 eas
861 1854 989 1901 legere
1026 1851 1135 1898 velis,
1177 1850 1346 1888 codicem
1389 1860 1567 1898 perverse
1603 1849 1735 1884 tenere

196 1916 354 1964 cogaris.

251 1976 342 2013 Ood.
385 1975 484 2013 1387
523 1977 676 2024 praeter
721 1976 932 2012 tractatum
977 1974 1023 2011 de
1070 1972 1345 2010 Incarnacione
1390 1970 1486 2007 haec
1532 1968 1733 2006 continet:

195 2037 236 2074 ff.
279 2036 384 2073 1-75.
426 2036 600 2086 Wycliffi
636 2036 694 2073 De
740 2034 985 2072 Eucharistia
1032 2033 1095 2083 (20
1140 2033 1288 2082 tract.)‚
1329 2033 1368 2068 et
1413 2031 1472 2067 De
1512 2029 1733 2066 Trinitate:

195 2096 237 2133 ff.
264 2099 441 2133 104-215
463 2096 641 2147 ejusdem
662 2095 859 2144 Epistolae
888 2098 983 2140 octo,
1006 2094 1065 2131 De
1094 2092 1318 2137 Mendaciis‚
1342 2090 1562 2139 Descripcio
1590 2088 1733 2134 fratris,

196 2157 400 2194 Conclusio
437 2157 483 2194 de
527 2157 648 2194 officio
694 2156 807 2204 regis,
848 2155 906 2192 De
944 2155 1004 2191 IV
1040 2152 1395 2203 imprecacionffius,
1437 2151 1496 2188 De
1544 2149 1737 2187 solucione

198 2218 350 2265 Satane,
391 2218 450 2255 De
490 2217 724 2267 purgatorio,
763 2217 821 2253 De
860 2215 1043 2253 Clavibus
1080 2214 1249 2260 ecclesie,
1290 2213 1348 2250 De
1401 2212 1527 2249 tribus
1561 2210 1739 2260 partibus

199 2279 368 2323 ecclesie,
391 2278 450 2315 De
472 2278 667 2315 sentencia
685 2276 959 2323 incarcerandi,
982 2276 1040 2313 De
1061 2274 1379 2313 condemnacione
1409 2276 1455 2309 19
1477 2271 1735 2321 questionum,

196 2340 255 2376 De
275 2339 562 2386 vaticinatione,
596 2338 655 2375 De
684 2337 883 2375 dotacione
912 2336 1082 2383 ecclesie,
1120 2336 1328 2384 Speculum
1357 2333 1588 2371 secularium
1616 2331 1738 2368 domi-

193 2413 344 2446 norum,
367 2400 424 2436 De
443 2401 672 2448 paupertate
694 2397 848 2444 Christi,
872 2397 935 2434 Ad
953 2396 1253 2445 parliamentum
1272 2394 1386 2442 regis,
1409 2394 1532 2442 Super
1545 2391 1739 2429 Matthaei

195 2463 259 2505 21,
282 2460 340 2496 De
360 2459 602 2497 Antichristo
623 2472 737 2508 super
756 2458 950 2495 Matthaei
971 2461 1033 2504 24,
1056 2457 1255 2504 Dialogus,
1279 2455 1493 2502 Trialogus.

250 2518 295 2557 B.
333 2519 424 2558 God.
455 2518 630 2558 Vindob.
660 2517 763 2557 4307
794 2519 1029 2564 chartaceus,
1060 2517 1156 2554 folia
1189 2519 1277 2561 242,
1309 2517 1388 2552 4to.
1418 2514 1528 2551 Folia
1562 2513 1739 2550 115-157

199 2582 408 2617 tractatum
427 2580 473 2617 de
493 2579 765 2616 Incarnacione
793 2579 1004 2615 continent.
1062 2576 1266 2625 Scriptura
1292 2588 1410 2624 parva
1439 2575 1505 2611 sed
1532 2573 1738 2611 distincta:

199 2643 245 2677 ut
272 2639 313 2676 in
340 2640 416 2676 fine
443 2639 597 2677 elicitur
624 2652 722 2676 anno
755 2641 853 2676 1433
883 2640 1065 2675 exaratus
1094 2640 1163 2674 est.
1233 2636 1390 2673 Titulus
1417 2634 1545 2672 rubris
1576 2634 1742 2683 scriptus

198 2700 368 2737 litteris:
418 2700 561 2748 Inez'pz'zi
599 2703 777 2737 tractatus
814 2699 855 2735 de
893 2699 1148 2735 incarnacione
1180 2694 1279 2746 myst
1317 2697 1375 2733 Jo.
1426 2695 1615 2744 Wyskleph.
1690 2694 1741 2730 In

198 2760 394 2808 margine3
435 2760 625 2809 Prologus.
684 2760 734 2796 In
766 2760 842 2796 fine
870 2759 1049 2807 prologi:
1100 2758 1311 2806 Capitolwn
1334 2757 1514 2805 primum.
1590 2754 1741 2792 Multae

199 2819 362 2868 paginae
381 2820 423 2856 in
442 2820 633 2857 frontibus
653 2815 904 2858 d’z'noarnaooe
924 2818 989 2857 Μή
1006 2820 1064 2857 Jo.
1095 2819 1177 2868 Wy.
1199 2819 1262 2855 vel
1281 2830 1460 2854 numeros
1483 2815 1743 2865 capitulorum
