2028 3346
287 231 371 273 252
977 242 1126 271 NOTES.

284 361 456 408 Leoffler,
487 361 528 399 ii.
559 374 596 410 p.
628 364 691 399 42.
748 360 841 398 This
869 360 902 397 is
923 360 1095 409 potencia
1121 360 1294 398 ordinata
1312 374 1324 397 .·
1351 360 1518 408 potencia
1546 359 1707 397 absoluta
1736 359 1769 396 is
1798 371 1819 396 a

285 415 402 463 fancy
430 414 469 451 of
496 427 595 459 men,
626 417 694 451 not
728 427 749 451 a
779 413 932 462 reality.
993 413 1050 451 Cf.
1085 426 1210 461 supra,
1244 425 1308 461 pp.
1345 413 1406 457 75,
1444 414 1505 457 77,
1543 413 1619 449 and
1649 411 1728 448 also
1760 411 1818 448 De

286 466 466 503 Dominio
485 466 638 512 Divino,
661 466 716 503 iii.
740 470 774 512 5,
797 466 938 515 quoted
956 467 1009 514 by
1028 466 1202 502 Leohler.
1258 466 1363 502 Thus
1385 465 1434 502 Si
1450 465 1616 509 voluerit,
1639 464 1674 500 if
1689 465 1816 501 other-

288 520 381 557 wise
411 520 506 556 than
536 520 603 556 the
635 518 727 563 fact,
757 518 791 555 is
820 531 870 555 an
902 517 1120 566 impossible
1149 517 1400 566 supposition.
1457 517 1515 555 Cf.
1544 517 1757 564 Trialogus,
1779 528 1817 564 p.

292 575 377 608 154.
433 571 538 608 Deus
556 584 633 608 non
651 574 777 619 potest
802 570 1012 619 quidquam
1040 571 1248 618 producere
1276 570 1340 607 vel
1367 570 1585 618 intelligere
1613 569 1688 606 nisi
1717 568 1820 618 quod

288 624 334 660 de
362 623 464 661 facto
491 623 680 670 intelligit
707 626 747 660 et
773 623 962 672 producit.
1021 622 1079 659 Cf.
1110 622 1227 659 Trial.
1252 635 1290 670 p.
1316 623 1387 659 157
1418 623 1493 659 and
1519 635 1556 671 p.
1580 624 1669 667 231,
1692 622 1820 658 where

289 676 353 714 W.
376 689 472 725 says,
493 676 583 713 Non
603 682 659 712 est
678 676 784 712 Deus
802 675 954 712 mobilis
974 677 1018 712 ut
1037 674 1208 711 homines
1227 674 1268 711 in
1289 675 1447 722 agendo,
1471 675 1536 711 sed
1556 674 1587 711 si
1608 673 1820 723 quidquam

290 728 436 774 fecerit,
471 729 638 765 rationes
670 728 814 776 priores
847 731 1022 764 aeternae
1057 727 1289 764 necessitant
1325 729 1371 764 ut
1409 727 1462 764 sio
1498 727 1579 764 fiat.
1645 726 1703 764 Of.
1742 726 1821 762 also

291 794 417 830 supra,
438 794 476 830 p.
500 781 602 825 76,1.
619 784 682 817 22.
737 780 838 817 W.'s
856 780 1027 817 doctrine
1046 779 1086 816 of
1104 779 1232 816 divine
1253 779 1515 828 omnipotenoe
1535 779 1652 827 being
1670 778 1822 815 limited

289 835 343 883 by
361 834 428 870 ‘the
447 833 660 882 perfectiori
679 832 719 869 of
737 833 803 869 the
824 832 953 869 divine
972 835 1110 869 nature
1129 831 1163 868 is
1182 832 1339 881 already
1357 833 1399 868 in
1420 832 1474 869 St.
1496 831 1717 879 Augustino
1746 830 1822 867 and

292 886 348 923 St.
371 885 481 922 Paul.
539 885 596 923 Cf.
617 886 721 933 Aug.
748 885 806 922 De
828 885 1008 934 Symbolo
1029 884 1159 921 Sermo
1179 884 1226 921 ad
1246 884 1558 930 Cateohumenos‚
1584 884 1602 935 ξ
1625 887 1660 921 2.
1716 882 1822 920 Deus

291 938 530 986 omnipotens
563 940 632 984 est,
667 940 706 975 et
741 950 828 975 oum
861 937 911 974 sit
941 937 1182 985 omnipotens
1213 937 1310 973 mori
1345 950 1423 973 non
1458 939 1596 986 potest,
1628 935 1714 973 falli
1745 948 1822 972 non

290 994 427 1039 potest,
450 990 606 1027 mentiri
624 1003 701 1026 non
727 992 866 1038 potest,
889 991 939 1036 eb,
963 990 1066 1039 quod
1085 989 1140 1026 ait
1158 989 1378 1038 Apostolus,
1400 1002 1531 1038 neyare
1550 1002 1583 1027 se
1603 989 1723 1038 ipsum
1751 1000 1822 1025 non

287 1046 417 1093 potest.
474 1046 497 1080 2
526 1043 624 1081 Tim.
646 1043 686 1080 ii.
712 1045 771 1079 13.

347 1096 387 1133 Ρ.
412 1098 499 1142 232,
522 1096 549 1134 1.
575 1095 713 1134 L—ad
732 1094 908 1133 litteram.
967 1095 1024 1133 Of.
1047 1096 1136 1132 note
1157 1107 1206 1132 on
1224 1107 1261 1144 p.
1285 1097 1346 1141 20,
1368 1094 1395 1132 l.
1418 1097 1481 1133 22.
