2028 3346
211 230 279 256 CAP.
299 229 395 263 vm]
654 231 710 258 DE
741 230 988 258 BENEDICTA
1018 228 1359 256 INCARNACIONE.
1736 211 1818 253 137

210 350 353 386 factus¹
375 352 432 387 est
451 348 625 387 Christus
644 351 702 385 est
720 347 879 385 alterius
900 347 1037 396 speciei
1053 360 1167 396 quam
1182 346 1340 383 materie
1359 345 1534 394 proxime

1553 411 1584 436 of
1592 411 1685 436 which
1695 410 1740 435 his
1748 410 1823 442 body

1554 452 1610 469 was
1654 444 1735 468 made
1782 443 1819 475 by

1553 484 1654 502 reason
1699 476 1730 501 of
1773 476 1819 500 his

1553 510 1721 541 conception
1742 509 1780 541 by
1803 516 1820 534 a

1553 544 1656 575 virgin.

211 418 394 455 aliorum:
427 420 465 455 et
495 431 581 455 cum
611 430 727 465 agens
757 430 904 465 semper
931 417 998 453 dat
1021 416 1183 452 formam
1214 415 1420 452 secundum
1449 427 1534 451 con-

211 486 438 533 dignitatem
480 484 649 531 materie,
685 487 731 521 ut
776 487 885 533 patet
928 484 1175 533 philosophis,
1217 483 1391 532 sequitur
1433 482 1535 531 quod

212 554 385 591 Christus
405 553 455 590 sit
477 553 634 590 alterius
663 553 801 602 speciei
821 566 936 602 quam
965 553 1032 589 alii
1060 553 1268 589 secundum
1297 564 1535 588 communem

170 629 190 662 5
210 636 363 660 cursum
390 626 526 660 nature
556 622 745 660 univoce2
775 622 975 671 procreati.
1040 623 1294 660 Confirmatur
1325 633 1393 669 per
1427 620 1534 657 Com·
1553 625 1621 650 This
1634 624 1776 656 obiection
1795 624 1819 648 is

1553 659 1706 683 confirmed
1726 658 1743 682 b
1783 665 1818 681 an

208 694 460 729 mentatorem
481 695 563 728 Svo.
586 691 836 741 Physicorum
857 695 891 728 9.
914 694 975 728 46.
996 694 1202 740 ponentem
1222 692 1351 726 contra
1369 689 1534 725 Avicen-
1553 692 1669 722 opinion
1685 691 1716 716 of
1730 665 1818 716 gver-

1553 732 1626 750 roes.

208 774 296 798 nam
326 761 428 810 quod
458 761 489 797 si
520 761 631 797 homo
665 764 911 808 generaretur
940 773 990 797 ex
1021 763 1135 806 terra,
1170 760 1251 808 ipse
1287 761 1387 796 esset
1421 759 1534 795 homo

209 830 391 879 equivoce
410 833 565 879 propter
584 830 914 867 extraneacionem
934 830 1104 867 materie.

261 899 338 936 Hic
369 899 512 936 dicitur
547 899 648 948 quod
678 898 778 935 illud
809 900 1079 945 argumentum
1107 897 1236 934 deficit
1272 896 1313 933 in
1344 896 1531 945 pluribus.
1552 898 1655 956 ξῐθξέῑέἑ
1668 931 1762 956 divine
1776 931 1817 956 in-

144 966 191 1001 10
209 967 337 1004 Primo
374 968 415 1004 in
451 970 644 1016 assumpto
682 967 784 1016 quod
821 980 948 1003 semen
986 967 1182 1011 muliebre,
1214 966 1318 1014 quod
1350 966 1481 1002 differt
1513 965 1819 1023 affifffgsstfflssffeffissg

209 1039 416 1082 menstruo,
439 1050 515 1073 non
535 1036 652 1073 distat
670 1049 692 1073 a
710 1035 815 1072 virili
840 1035 981 1072 semine
1009 1035 1084 1072 nisi
1113 1035 1320 1071 secundum
1348 1034 1470 1070 maius
1496 1036 1535 1070 et
1548 1031 1819 1095 {Jffssxima-ma‘erffl

208 1105 359 1152 minus;
389 1105 442 1142 sic
467 1106 568 1154 quod
597 1117 723 1142 semen
743 1104 854 1141 virile
884 1103 930 1140 de
961 1103 1152 1140 communi
1177 1116 1289 1140 cursu
1320 1106 1455 1139 nature
1485 1103 1535 1140 sit

208 1172 249 1209 in
279 1173 494 1210 substancia
513 1172 679 1221 spissius,
703 1171 984 1221 complexione³
1012 1172 1182 1217 calidius,
1206 1175 1244 1208 et
1262 1170 1534 1208 informacione

208 1241 427 1278 virtuosius.
499 1241 574 1278 Sed
606 1241 719 1290 quale
750 1241 1012 1287 magisterium
1045 1241 1126 1278 Deo
1156 1241 1202 1277 de
1238 1241 1350 1277 beata
1386 1240 1535 1288 virgine

144 1312 189 1346 15
209 1310 470 1359 complexione
486 1311 499 1331 ³
517 1309 766 1347 mundissima
793 1310 1036 1347 descindere4
1067 1322 1194 1346 semen
1220 1310 1283 1346 vel
1312 1309 1534 1356 sanguinem

208 1392 276 1428 pro
306 1392 483 1415 mensura
514 1378 778 1416 delectationis
811 1392 876 1415 sue
908 1378 1109 1415 humilime
1143 1392 1192 1415 ex
1223 1378 1360 1426 gaudio
1392 1378 1534 1414 saluta-

209 1448 354 1486 cionis⁵
391 1448 572 1496 angelice,
608 1461 682 1497 que
715 1448 896 1485 excedat⁶
924 1447 965 1484 in
1002 1447 1199 1484 ⁷bonitate
1232 1446 1535 1495 complexionis⁷

208 1517 250 1554 in
268 1517 511 1566 proporcione
529 1516 792 1554 multitudinis
817 1519 855 1554 et
882 1517 923 1553 in
950 1516 1181 1553 limitacione
1200 1515 1358 1552 virtutis
1385 1529 1535 1552 omnem

209 1587 323 1624 aliam
343 1586 550 1633 materiam,
570 1599 619 1623 ex
639 1599 715 1636 qua
733 1586 809 1623 fuit
827 1599 986 1635 persona
1003 1586 1169 1622 hominis
1187 1585 1414 1634 procreata?
1433 1586 1535 1634 quod

142 1659 191 1693 20
210 1656 299 1705 quia
317 1655 464 1692 factum
483 1658 551 1700 est,
574 1656 674 1692 unde
693 1668 769 1692 non
789 1656 944 1692 daretur
962 1655 1021 1691 illi
1044 1654 1195 1703 capaci?
1215 1667 1355 1702 organo
1377 1654 1535 1703 spiritus

210 1724 417 1762 consimilis
436 1724 574 1773 speciei
586 1724 604 1761 ‘?

261 1793 403 1830 Deficit
423 1792 478 1829 20.
500 1793 541 1829 in
561 1793 715 1842 sequela
734 1793 885 1842 quando
904 1793 1023 1830 infert
1042 1793 1140 1842 quod
1162 1793 1321 1830 materia
1344 1793 1531 1841 proxima,
1553 1800 1575 1826 2.
1623 1801 1652 1825 It
1698 1799 1721 1825 is
1766 1802 1818 1826 not

1551 1841 1658 1864 proven
1687 1834 1752 1859 that
1787 1834 1818 1859 in

210 1863 255 1899 de
276 1876 352 1912 qua
370 1862 495 1899 factus
514 1865 571 1899 est
597 1862 782 1907 Christus,
805 1862 854 1899 sit
881 1862 1039 1899 alterius
1067 1861 1205 1910 speciei
1233 1875 1347 1910 quam
1374 1862 1533 1899 materie
1552 1867 1818 1931 ἓξνίἷαοᾶεερῑγϋοὲξῖἑιᾶ

209 1930 382 1979 proxime
419 1930 594 1967 aliorum.
660 1930 788 1967 ⁹Nam
822 1930 864 1976 si,
899 1930 998 1967 sicut
1034 1933 1092 1967 est
1128 1932 1301 1968 summe⁹
1338 1931 1529 1979 possibile,
1552 1934 1817 1992 ffssgtgt‘tofffiggss

59 1987 96 2072 ἕο
113 1986 191 2028 79¹³]
211 2000 314 2036 Deus
334 2000 379 2036 de
398 1999 590 2048 lapidibus
603 2000 629 2020 ¹⁰
649 1999 710 2036 vel
730 2013 969 2048 quocumque
989 1999 1063 2036 alio
1083 1999 1205 2036 mixto
1221 2000 1283 2036 vel
1307 2001 1312 2047 1
1338 2000 1502 2048 simplici
1523 2001 1527 2047 Ι
1550 2007 1624 2026 men.

75 2030 178 2061 A92d

180 2031 466 2105 ]descidisset¹¹
499 2068 708 2114 materiam,
741 2074 779 2105 et
807 2068 1080 2105 commiscendo
1110 2069 1281 2105 athomos
1294 2069 1319 2089 ¹2
1350 2069 1391 2105 in
1423 2072 1532 2106 utero

208 2137 389 2185 virginali
434 2137 600 2174 dedisset
640 2139 726 2185 post
739 2137 764 2157 ¹³
809 2137 1100 2174 commixturam
1140 2139 1328 2187 ydoneam
1372 2138 1534 2175 formam

210 2205 584 2254 complexionalem¹4
611 2205 771 2242 humani
799 2206 977 2252 seminis3
1007 2207 1129 2243 adhuc
1157 2207 1332 2255 proxima
1359 2207 1530 2253 materia,

211 2288 260 2311 ex
292 2287 367 2323 qua
398 2275 487 2311 talis
516 2275 627 2311 homo
659 2274 780 2318 fieret,
802 2274 902 2312 foret
934 2275 1103 2312 eiusdem
1135 2275 1295 2312 racionis
1323 2289 1410 2313 cum
1435 2277 1531 2322 aliis,

144 2337 191 2371 30
210 2343 301 2380 licet
319 2346 463 2380 remota
481 2343 641 2380 materia
661 2343 710 2380 sit
728 2343 898 2381 diversa:
923 2344 1034 2381 aliter
1054 2344 1154 2381 enim
1175 2344 1317 2381 semina
1336 2344 1535 2381 hominum

211 2415 390 2459 generata
418 2425 467 2448 ex
492 2411 682 2449 distinctis
712 2411 863 2449 cibariis
893 2412 932 2448 in
966 2412 1089 2461 specie
1121 2413 1246 2450 forent
1278 2426 1320 2450 eo
1348 2413 1429 2462 ipso
1459 2414 1534 2450 dis-

209 2480 359 2529 parium
380 2480 603 2529 specierum.

262 2549 324 2585 Ex
339 2548 423 2585 istis
444 2548 500 2586 30.
518 2548 714 2596 colligitur
733 2550 835 2598 quod
854 2549 1068 2587 non‘refert
1088 2563 1136 2587 ex
1156 2563 1232 2599 qua
1251 2550 1410 2587 materia
1430 2551 1534 2588 Deus

269 2641 279 2660 ¹
303 2644 396 2672 natus
413 2641 450 2672 B.
560 2640 573 2660 2
595 2641 727 2673 univoce
743 2653 800 2672 om.
834 2644 858 2672 A
876 2642 901 2672 B
915 2642 950 2673 C.
1061 2644 1074 2663 3
1097 2643 1303 2673 commixione
1320 2643 1349 2674 A
1362 2643 1386 2673 B
1401 2643 1437 2675 C.
1555 2643 1568 2663 4
1591 2643 1756 2675 decindere
1774 2644 1813 2675 Ο.

268 2685 280 2704 ⁵
302 2684 467 2715 saluatoris
484 2684 519 2715 Ο.
631 2685 643 2704 ⁶
666 2684 788 2715 excedit
804 2685 831 2715 A
846 2685 880 2716 B.
994 2685 1042 2708 ⁷—7
1065 2686 1198 2716 materia
1213 2686 1430 2716 commixionis
1447 2686 1485 2717 B.
1584 2688 1597 2706 ⁹
1620 2687 1716 2728 capiti
1733 2686 1756 2718 C
1772 2687 1811 2718 O.

268 2727 315 2749 ⁹-9
337 2727 362 2757 si
377 2737 450 2758 nam
467 2726 641 2768 perfectum
657 2727 710 2757 sed
724 2738 843 2759 summe
861 2728 898 2760 O.
1097 2730 1121 2747 ¹⁰
1145 2728 1248 2770 lapide
1269 2730 1302 2760 B.
1519 2729 1544 2748 ¹¹
1568 2729 1733 2760 decidisset
1750 2729 1789 2761 B.

254 2769 280 2789 ¹2
302 2773 436 2801 attomos
454 2771 517 2812 (Μ.
535 2770 666 2813 atomos)
686 2771 723 2802 O.
956 2771 981 2790 ¹³
1004 2772 1039 2802 n⁹
1057 2771 1095 2802 Ο.
1335 2772 1360 2792 ¹⁴
1383 2772 1655 2804 commixionalem
1670 2772 1736 2803 AB
1751 2772 1788 2804 C.
