2028 3346
228 232 297 260 eff.
320 234 413 267 vm]
684 236 742 263 DE
773 236 1018 263 BENEDICTA
1049 235 1386 263 1NcARNAcioNE.
1756 221 1838 262 135

227 355 267 390 et
296 354 484 402 completa
514 366 626 391 causa
657 353 871 400 causabilis,
905 353 1080 403 sequitur
1108 353 1208 391 illud
1239 353 1451 391 causabile:
1488 352 1554 389 sed
1571 362 1729 421 qssjffitign.
1760 403 1833 421 seua

1664 404 1680 421 a
1706 404 1757 421 cau
1791 414 1802 420 a

224 423 363 458 natura
382 421 587 470 singularis
606 423 646 459 in
667 422 818 460 Christo
847 435 934 459 cum
962 422 1154 459 communi
1182 425 1308 459 creata
1335 420 1554 459 substancia
1570 429 1832 487 pnugffigertsffgrgs

224 489 364 527 sufficit
382 503 450 539 per
469 504 507 528 se
532 493 570 528 et
595 491 782 540 complete
803 504 955 528 causare
976 493 1145 528 creatum
1165 490 1426 540 suppositum:
1463 502 1551 537 ergo
1570 495 1833 560 fssrehJffinressgrst

222 561 302 598 illis
332 562 467 611 positis
499 565 537 600 et
565 562 697 608 unitis,
731 562 831 599 sicut
868 565 926 599 est
961 561 1003 598 in
1039 561 1202 606 Christo,
1239 559 1413 608 sequitur
1450 559 1552 607 quod
1569 561 1646 620 {2121
1661 563 1741 620 gfff
1773 561 1833 586 also

183 633 204 666 5
224 633 373 679 oportet
401 644 539 679 ponere
571 633 736 668 creatam
768 644 968 679 personam
1000 643 1050 667 ex
1082 629 1160 666 illis
1191 627 1392 677 principiis
1427 627 1550 663 resul-

221 701 391 737 tantem:
422 713 510 737 nam
531 700 700 737 eiusdem
727 699 866 748 speciei
895 698 1163 747 specialissime
1183 700 1241 734 est
1260 698 1386 734 creata
1413 698 1551 733 natura

221 770 337 817 atque
357 769 574 805 substancia
593 768 634 805 in
654 768 817 814 Christo,
841 768 950 805 cuius
977 770 1036 804 est
1057 766 1097 803 in
1123 766 1296 815 quolibet
1322 765 1441 801 fratre
1469 777 1548 801 suo.

52 836 203 879 [B140b]
222 836 331 873 Sicut
359 850 447 885 ergo
476 837 650 874 Christus
669 838 727 873 est
744 836 905 873 univoce
926 848 1012 873 cum
1032 835 1145 872 Petro
1164 833 1364 871 racionalis
1382 835 1519 869 nature
1540 832 1545 879 Ι

220 904 421 942 individua
453 905 681 951 substancia,
715 904 767 942 sic
798 918 884 942 cum
915 917 958 941 eo
988 903 1149 940 univoce
1179 905 1238 939 est
1268 914 1451 951 persona:
1488 900 1551 937 cui

157 978 203 1013 10
221 973 322 1010 enim
341 974 570 1011 univocatur
588 973 769 1010 diffinicio
790 973 909 1010 eciam
932 971 1115 1020 competit
1138 971 1299 1008 univoce
1328 969 1548 1006 diffinitum.

221 1042 478 1079 Confirmatur
509 1056 559 1079 ex
590 1043 661 1079 hoc
691 1042 794 1091 quod
821 1043 1030 1078 tractantes
1058 1039 1251 1089 pollitice¹
1283 1052 1370 1075 cum
1401 1037 1550 1075 Christo
1569 1034 1835 1099 ξξῄξὲἷθᾶῐέξῗῐξῑῐξ

1569 1101 1605 1125 ed
1628 1108 1658 1125 as
1682 1108 1698 1125 a
1720 1102 1834 1127 witness

219 1114 462 1160 acceptarent
479 1112 640 1149 univoce
660 1125 747 1148 cum
766 1111 852 1148 aliis
870 1123 1070 1159 personam
1090 1122 1197 1146 suam
1220 1108 1261 1145 in
1287 1106 1549 1144 testimonium
1568 1134 1596 1158 in
1611 1138 1701 1160 court.

219 1183 259 1217 et
285 1179 471 1217 iudicium
500 1183 539 1218 et
568 1179 768 1229 quodlibet
795 1179 901 1216 aliud
926 1192 1020 1228 opus
1054 1177 1231 1215 sensibile
1259 1177 1323 1213 vel
1351 1176 1551 1225 quodlibet

218 1249 427 1297 personale.
484 1249 565 1286 Nec
596 1251 723 1298 potest
752 1248 847 1296 fingi
880 1249 982 1298 quod
1009 1247 1131 1285 deitas
1160 1245 1322 1295 impedit
1348 1245 1423 1282 ista
1444 1245 1549 1294 prin-

156 1324 201 1358 15
221 1316 320 1365 cipia
338 1317 386 1354 ad
405 1317 635 1354 causandum
655 1330 867 1366 personam.

271 1385 348 1422 Hic
368 1385 510 1423 dicitur
528 1386 629 1435 quod
647 1386 771 1422 minor
789 1388 847 1423 est
865 1385 963 1422 falsa
981 1398 1069 1422 cum
1087 1384 1198 1421 nulla
1218 1385 1392 1421 creatura
1420 1384 1551 1420 causat
1569 1393 1696 1419 Answer.

1569 1427 1659 1451 Cause
1686 1428 1752 1453 does
1781 1429 1833 1452 not

218 1454 448 1491 naturaliter
491 1454 567 1491 nisi
597 1455 643 1491 de
674 1457 817 1504 quanto
850 1468 872 1491 a
903 1454 1105 1503 posteriori
1136 1453 1325 1490 subicitur
1356 1452 1550 1489 voluntati
1569 1461 1693 1524 {222}th
1707 1460 1835 1520 bvefzeileg

219 1523 348 1560 divine
377 1523 483 1572 prius
512 1524 696 1560 causanti.
754 1524 830 1561 Sed
857 1524 1036 1560 voluntas
1069 1522 1200 1559 divina
1236 1534 1313 1558 non
1344 1524 1470 1570 potest
1502 1534 1551 1558 ex
1570 1526 1627 1551 will
1640 1527 1670 1552 of
1681 1527 1755 1554 God-

218 1592 302 1629 istis
321 1605 474 1628 causare
494 1595 658 1629 creatam
683 1605 905 1641 personam:
936 1605 1025 1628 nam
1054 1590 1265 1639 assumpcio
1293 1590 1465 1639 impedit,
1488 1589 1551 1627 vel

152 1663 201 1697 20
219 1659 347 1697 verius
366 1660 473 1697 iuvat
488 1663 533 1697 ut
551 1663 690 1697 natura
708 1663 835 1697 creata
855 1660 905 1697 sit
925 1659 1164 1709 suppositum
1184 1659 1409 1698 increatum.
1455 1658 1551 1695 Cum

220 1729 322 1766 enim
341 1742 450 1766 omne
471 1729 658 1778 recipiens
676 1729 894 1766 denudatur
908 1741 929 1765 a
947 1731 1087 1765 natura
1105 1728 1161 1764 rei
1176 1731 1338 1776 recepte,
1358 1729 1552 1775 oporteret

219 1797 390 1834 Verbum
425 1798 489 1834 vel
526 1810 605 1834 esse
642 1798 736 1834 duas
773 1810 963 1846 personas,
997 1799 1043 1833 ut
1079 1796 1182 1833 dixit
1213 1796 1439 1843 Nestorius;
1486 1797 1551 1833 vel

218 1865 433 1915 recipiendo
463 1866 773 1915 personalitatem
806 1868 971 1903 creatam
1002 1865 1311 1915 personalitatem
1341 1865 1551 1902 increatam

220 1934 443 1982 dimittere3
484 1947 647 1984 quorum
679 1937 887 1984 utrumque
917 1948 1004 1972 cum
1037 1934 1088 1972 sit
1121 1947 1267 1971 summe
1299 1933 1546 1982 impossibile,

151 2010 199 2044 25
221 2003 394 2052 sequitur
426 2004 527 2053 quod
551 2007 690 2041 natura
717 2003 773 2041 rei
801 2003 1010 2041 exaltantis
1037 2006 1215 2040 naturam
1236 2006 1481 2052 assumptam,
1503 2005 1550 2040 ut

220 2072 330 2121 quasi
352 2072 589 2118 insorbendo,
611 2086 688 2110 non
714 2073 939 2122 permittat2
959 2086 1042 2110 eam
1068 2073 1209 2109 habere
1237 2071 1549 2121 personalitatem

219 2144 396 2178 creatam.
449 2142 522 2179 Et
557 2142 628 2178 hoc
673 2142 882 2179 intendunt
917 2142 1120 2191 loquentes
1157 2142 1203 2178 de
1242 2140 1547 2190 suppositacione
1565 2159 1625 2184 The
1645 2159 1727 2184 Latin
1749 2161 1829 2186 word

218 2210 355 2247 aliena.
416 2210 468 2247 Et
499 2210 642 2247 dicitur
671 2211 774 2260 quod
804 2211 880 2248 ista
908 2216 1046 2248 natura
1076 2212 1134 2248 est
1164 2223 1323 2259 persona
1356 2209 1546 2257 gloriosis·
1564 2193 1831 2253 Ξὲἒῗὲῗέἷὲἶὲἂῗξ

68 2283 198 2326 [A920]
219 2278 323 2325 sima,
353 2279 357 2326 Ι
382 2279 447 2315 sed
475 2279 536 2315 illi
564 2292 640 2316 non
674 2279 856 2328 competit
885 2279 1066 2316 diffinicio
1094 2292 1252 2328 persone
1278 2282 1415 2316 create.
1473 2279 1546 2315 Pro
1564 2260 1750 2329 {32¹5eroe

151 2356 199 2390 30
219 2360 293 2396 quo
328 2348 539 2385 notandum
571 2348 673 2397 quod.
708 2348 915 2385 substancia
951 2351 1007 2385 est
1045 2361 1244 2401 commune
1275 2347 1317 2384 in
1350 2347 1469 2384 Greco
1499 2347 1547 2384 ad
1565 2337 1721 2410 2225?ss
1774 2345 1831 2370 and

217 2416 426 2464 ypostmim,
450 2417 609 2462 usiosim,
633 2419 671 2453 et
689 2417 793 2453 usion
811 2431 819 2454 :
851 2417 1003 2465 quando
1023 2419 1152 2453 autem
1171 2416 1360 2453 diffinitur
1386 2428 1546 2464 persona
1565 2421 1647 2486 §0155oe
1695 2421 1831 2468 translate

217 2497 286 2533 per
302 2497 440 2521 nomen
460 2485 674 2522 substancie
694 2485 929 2533 intelligitur
953 2485 1153 2535 ypostasis,
1177 2498 1291 2534 quam
1319 2484 1386 2521 alii
1414 2483 1544 2520 differ-
1563 2466 1748 2522 ἴῇἶεῖιῖἕιὲῑ
1762 2470 1829 2534 pei-¹}

218 2555 326 2590 enter
345 2553 540 2602 explicant
558 2567 626 2602 per
650 2567 789 2591 nomen
812 2554 1054 2591 subsistencia.
1111 2555 1163 2591 Et
1185 2553 1238 2590 sic
1267 2553 1443 2590 Christus
1469 2565 1545 2589 non
1563 2531 1701 2589 igssgaby
1725 2535 1828 2555 suom-

219 2623 276 2658 est
303 2621 503 2658 racionalis
534 2625 670 2659 nature
699 2622 900 2659 individua
931 2622 1180 2660 subsistencia
1199 2622 1262 2659 vel
1290 2621 1541 2670 suppositum,

279 2729 286 2748 ¹
311 2729 408 2776 polles
432 2730 478 2768 B;
504 2730 649 2772 polletice
667 2730 711 2778 Q;
737 2730 878 2772 pollitice
893 2731 923 2762 A
948 2731 1028 2774 (pro
1043 2730 1364 2774 politice=civiliter,
1380 2741 1416 2770 p.
1436 2732 1507 2769 136,
1528 2730 1548 2761 ἰ.
1568 2728 1633 2769 12).

275 2771 288 2791 ²
311 2776 497 2814 permittant
512 2775 540 2804 A
555 2783 562 2812 ;
588 2777 779 2815 permittunt
795 2774 833 2805 B.
