2028 3346
248 234 314 260 cst.
334 234 415 267 vir]
704 238 761 264 DE
793 237 1036 264 BENEDICTA
1067 236 1405 264 INCARNACIONE.
1775 223 1856 264 119

248 354 461 402 equivocos.
517 355 644 391 Primo
680 368 749 403 pro
787 354 974 404 qualitate
1011 353 1331 402 preternaturali¹
1368 354 1414 390 de
1450 353 1573 402 prima
1590 363 1665 422 gaz)
1679 363 1856 421 (ξονίἷέτιὲεε

1662 405 1676 421 o
1700 405 1716 429 y
1828 405 1855 422 e-

248 424 372 471 specie
392 424 591 473 qualitatis
608 439 615 471 ;
645 425 657 444 ²
671 424 749 460 sive
770 424 821 460 sit
834 425 848 444 ²
866 424 1030 472 corporis
1053 423 1218 469 habitus,
1241 426 1287 460 ut
1306 423 1447 460 sanitas
1463 437 1471 469 ;
1493 423 1571 459 sive
1590 430 1745 494 {glrtigftffl
1758 430 1858 488 :rgsruii

246 493 401 530 habitus
420 493 556 540 anime,
579 496 624 530 ut
642 493 767 530 virtus
791 493 1066 530 intellectualis
1093 495 1161 529 aut
1189 491 1389 538 ³moralis3
1416 491 1572 528 habitus
1590 497 1620 521 of
1638 496 1688 529 (1),

246 566 375 598 autem
405 562 615 610 spiritualis
643 575 693 599 ex
721 562 858 599 habitu
885 562 1008 610 primo
1034 562 1143 598 modo
1174 561 1298 597 dicto³
1323 560 1574 597 materialiter

203 633 224 666 5
247 633 460 678 generatur,
505 630 632 667 sicut⁴¹
670 631 826 667 habitus
863 630 1066 679 corporalis
1103 630 1267 667 efficitur
1303 643 1352 666 ex
1394 630 1570 666 secundo.

247 698 322 735 Sed
347 700 510 736 secundo
533 700 643 736 modo
670 699 834 736 sumitur
860 700 1017 736 habitus
1044 712 1112 747 pro
1141 700 1260 735 forma
1287 698 1499 747 respectiva
1526 698 1572 735 de
1590 694 1856 753 ffhgbt)ent{‘hffl‘ffi{g{

249 769 323 804 100.
350 781 498 816 genere,
526 769 629 818 quod
654 771 710 805 est
740 769 891 814 habere,
914 768 1109 816 possessio,
1132 768 1195 805 vel
1222 767 1383 814 habicio,
1418 770 1457 804 et
1483 767 1573 804 talis
1590 761 1677 786 “³¹³³ss
1687 765 1832 794 category.

243 836 398 873 habitus
427 840 606 873 causatur
633 838 680 873 ab
711 836 848 873 habitu
876 836 994 873 tercio
1021 839 1059 873 et
1085 838 1222 884 quarto
1250 835 1370 872 modis
1395 835 1572 872 materia-

244 904 334 941 liter
351 905 560 942 intellectis
578 919 586 942 :
618 905 777 942 ‘divicie
795 905 802 922 '
826 904 928 941 enim
947 904 1195 941 denominant
1214 904 1385 941 homines
1405 903 1573 950 divites‚⁵

179 971 225 1005 10
243 974 549 1023 possessionatos,
572 975 635 1011 vel
653 975 838 1011 habentes
857 973 1081 1010 formaliter.

93 1045 130 1088 [c
142 1046 219 1089 74a]
296 1043 349 1079 Et
365 1046 473 1092 patet
493 1044 595 1092 quod
614 1043 681 1080 ille
708 1056 776 1080 sex
804 1043 990 1080 maneries
1017 1043 1174 1080 habitus
1203 1045 1293 1079 sunt
1316 1041 1322 1090 1
1347 1042 1437 1079 satis
1465 1041 1572 1091 equi·
1591 1042 1629 1067 0f
1643 1042 1722 1068 these
1735 1042 1778 1068 six
1792 1050 1856 1074 pos-

1590 1076 1659 1101 sible
1699 1077 1856 1108 meanings,

243 1125 347 1148 voce.
404 1112 559 1149 Dicitur
594 1125 682 1160 ergo
713 1112 815 1161 quod
842 1111 1061 1148 humanitas
1090 1114 1284 1160 assumpta
1312 1124 1333 1147 a
1360 1111 1486 1147 Verbo
1516 1113 1573 1147 est
1590 1109 1856 1174 ξῐξξῃίνῖζῇἓξξωξιὲἐ

242 1181 398 1217 habitus
420 1181 531 1218 tercii
550 1181 663 1226 modi,
687 1193 774 1217 cum
801 1180 940 1217 accidit
959 1181 1039 1217 enti
1059 1180 1100 1216 in
1120 1184 1219 1225 actu,
1243 1193 1319 1217 non
1339 1183 1491 1217 mutans
1510 1181 1573 1217 vel
1590 1175 1739 1234 {ffignts’
1758 1176 1788 1233 {¹¹}
1808 1177 1857 1234 ῑξξ

242 1250 386 1287 faciens
418 1250 540 1299 ipsam
571 1250 685 1287 aliam
717 1263 917 1299 personam
950 1263 1065 1298 quam
1097 1249 1255 1298 prefuit.
1313 1250 1405 1286 Ideo
1438 1249 1573 1286 dicunt
1590 1242 1858 1307 ssssssnffghbgffjdffig

179 1317 223 1351 15
245 1319 366 1356 sancti
396 1320 497 1368 quod
522 1319 741 1356 humanitas
769 1322 827 1356 est
855 1318 965 1367 quasi
990 1319 1107 1355 vestis
1135 1319 1317 1366 detegens
1342 1318 1574 1365 deitatem;⁶
1592 1309 1690 1334 WOEd‘

244 1391 283 1425 et
309 1388 489 1435 religiosi,
514 1388 581 1437 qui
603 1388 797 1425 Christum
816 1387 996 1433 induunt,
1019 1388 1163 1424 habent
1181 1388 1337 1424 habitus
1352 1389 1363 1408 ⁷
1383 1387 1571 1435 corporis3

242 1458 313 1494 hoc
332 1460 520 1502 notantes,
544 1458 645 1506 quod
659 1459 671 1478 Θ
691 1457 830 1494 accidit
848 1457 930 1493 Deo
953 1457 1183 1502 humanitas,
1207 1456 1272 1493 sed
1297 1457 1398 1492 non⁹
1425 1456 1574 1504 insepa-

243 1526 429 1563 rabiliter.
486 1526 578 1562 Ideo
607 1526 702 1563 dicit
733 1526 976 1573 Augustinus
1005 1526 1045 1562 in
1074 1525 1236 1573 Dialogo
1260 1526 1307 1562 ad
1335 1525 1366 1562 F
1370 1524 1573 1562 elicianum
1591 1514 1784 1573 Ξξωᾚξὲξέ
1828 1515 1860 1573 ξ’ῐξ

245 1595 346 1644 quod
375 1595 593 1631 humanitas
631 1597 688 1632 est
720 1595 893 1632 accidens
924 1595 1062 1641 Verbo,
1098 1608 1175 1631 non
1205 1595 1306 1644 quod
1339 1594 1388 1631 sit
1416 1607 1477 1631 res
1513 1593 1572 1630 in-
1591 1581 1790 1646 ζξξξῗγῑζῂξῃ
1803 1581 1859 1639 Ῑέξζ

176 1662 225 1695 20
245 1664 381 1701 herens
425 1667 471 1701 ut
508 1664 722 1701 accidencia
761 1677 899 1701 novem
945 1676 1138 1712 generum,
1182 1677 1281 1700 cum.
1307 1663 1357 1700 sit
1392 1663 1573 1712 precipua
1591 1647 1689 1706 ἷῖῗῖἕζιι,
1731 1647 1762 1673 of
1808 1649 1856 1673 the

246 1736 371 1770 creata
397 1733 614 1770 substancia
631 1748 638 1779 3
668 1746 738 1770 nec
767 1733 869 1782 quod
898 1733 948 1770 sit
972 1736 1086 1770 coeva
1105 1733 1231 1770 Verbo
1250 1732 1313 1769 vel
1333 1732 1432 1769 sicut
1451 1732 1573 1780 passio

95 1805 139 1847 [A
150 1805 225 1848 900]
245 1800 475 1837 naturaliter
511 1813 744 1849 consequens
758 1801 784 1820 ¹⁰
821 1801 868 1837 ad
905 1801 1144 1847 subiectum3
1171 1799 1175 1850 1
1202 1800 1266 1837 sed
1309 1800 1575 1848 contingenter

246 1882 295 1905 ex
331 1871 501 1916 tempore
532 1867 640 1904 nobis
676 1868 924 1905 ineffabiliter
938 1869 961 1888 Π
998 1868 1098 1905 inest
1125 1868 1251 1905 Verbo
1287 1881 1365 1904 non
1393 1869 1574 1905 mutando

245 1940 433 1984 naturam,
457 1936 519 1973 cui
546 1936 714 1981 advenit,
738 1936 802 1973 sed
830 1937 992 1973 formata
1006 1938 1031 1958 ¹²
1058 1937 1296 1983 mirabiliter,
1328 1937 1420 1986 quia
1446 1938 1573 1974 Verbo

177 2008 224 2042 25
245 2006 319 2043 Dei
350 2006 638 2055 ydemptificata
666 2006 729 2042 vel
758 2006 971 2055 ypostatice
1003 2007 1204 2055 copulata:
1246 2020 1333 2044 cum
1364 2008 1573 2044 secundum

244 2075 508 2122 Augustinum
536 2074 657 2123 primo
684 2075 741 2111 De
761 2074 963 2121 Trinitate,
990 2075 1101 2112 ‘talis
1133 2075 1211 2113 fuit
1240 2075 1331 2112 unio
1348 2077 1372 2096 ¹³
1399 2076 1572 2113 incarna-
1589 2109 1679 2134 Three
1708 2109 1802 2141 points
1826 2109 1854 2134 in

245 2144 374 2188 cionis,
398 2157 471 2192 que
491 2143 616 2180 Deum
634 2143 777 2180 faceret
786 2143 811 2163 ¹⁴
830 2143 1021 2180 hominem
1043 2147 1081 2181 et
1100 2145 1293 2181 hominem
1312 2144 1464 2181 Deum.’
1588 2143 1763 2208 ζιζῑῐξέῃίᾁῗθ
1794 2143 1855 2201 53ῑὲ

297 2213 349 2249 Et
377 2215 483 2261 patet
508 2212 610 2261 quod
636 2212 739 2248 dicta
763 2212 983 2249 humanitas
1017 2216 1074 2250 est
1104 2213 1227 2250 forma
1255 2213 1296 2250 in
1327 2213 1452 2251 tribus
1485 2227 1570 2250 con·
1583 2210 1684 2240 s⁰rma
1698 2217 1753 2241 per
1772 2216 1800 2233 ³³
1822 2210 1854 2233 in

1588 2250 1688 2274 qenere
1779 2244 1854 2267 acci-

1589 2275 1692 2301 denti&

1591 2310 1613 2334 l.
1631 2309 1659 2333 It
1668 2315 1855 2340 presupposes

1589 2349 1605 2366 a
1665 2342 1855 2372 pre-existing

1589 2376 1690 2399 nature
1715 2375 1807 2400 which
1831 2375 1854 2400 it

1590 2407 1746 2433 ‘informs.’

244 2282 402 2318 veniens
431 2294 518 2318 cum
542 2281 673 2317 formis
702 2293 770 2329 per
798 2294 836 2318 se
866 2281 907 2318 in
939 2295 1074 2330 genere
1105 2283 1322 2320 accidentis.
1380 2283 1507 2319 Primo
1530 2283 1571 2319 in

177 2353 225 2387 30
244 2351 314 2387 hoc
335 2350 436 2399 quod
450 2350 698 2398 presupponit
711 2352 899 2396 naturam,
917 2350 978 2387 cui
993 2351 1258 2399 contingenter
1277 2352 1443 2397 advenit,
1459 2352 1570 2400 longe

244 2419 407 2468 priorem
427 2418 509 2467 ipsa
527 2417 766 2463 naturaliter,
790 2432 905 2467 quam
928 2420 1101 2456 accidens
1128 2420 1378 2468 presupponit
1406 2423 1571 2458 creatam

246 2487 513 2534 substanciam,
537 2499 653 2536 quam
684 2486 878 2525 informat.
948 2491 999 2525 20.
1039 2488 1080 2524 in
1116 2489 1186 2525 hoc
1224 2489 1327 2537 quod
1363 2501 1440 2525 non
1476 2488 1569 2527 facit

302 2571 313 2590 ¹
336 2571 506 2613 passionali
522 2571 550 2602 A
565 2571 590 2601 B
603 2570 625 2601 C
642 2581 649 2608 ;
675 2569 714 2612 pi·
731 2565 776 2602 iili
794 2571 831 2602 Ο.
1204 2572 1253 2594 2—2
1277 2572 1411 2614 sumpsit
1428 2572 1466 2604 Ο.

303 2614 351 2637 3-3
374 2614 500 2644 moralis
516 2617 571 2645 aut
587 2613 713 2646 habitus
729 2615 881 2656 specialis.
927 2614 971 2645 Et
986 2614 1040 2646 ille
1056 2625 1093 2646 ex
1108 2614 1221 2646 habitu
1236 2616 1337 2657 primo
1354 2615 1438 2647 dicto
1454 2617 1483 2646 A
1497 2615 1522 2646 B
1536 2615 1572 2647 C.

301 2657 314 2676 4
338 2657 401 2687 sive
416 2658 442 2687 A
457 2657 495 2687 B.
840 2658 852 2677 ⁵
872 2657 985 2688 divites
1001 2669 1058 2688 om.
1077 2660 1105 2688 A
1118 2658 1144 2688 B
1157 2658 1192 2690 C.
1517 2659 1529 2677 ⁶
1552 2658 1751 2689 divinitatem
1768 2658 1806 2689 0.

303 2700 314 2719 '¹
337 2699 482 2730 habitum
499 2699 538 2730 Β.
841 2702 853 2720 ⁵
876 2700 961 2741 quod
975 2711 1030 2731 om.
1050 2700 1074 2731 C
1087 2701 1126 2732 Ο.
1523 2702 1536 2722 ⁹
1558 2711 1622 2732 non
1638 2712 1695 2732 om.
1716 2701 1781 2732 AB
1794 2701 1829 2732 C.

288 2742 315 2762 ¹0
338 2743 538 2783 consequitur
554 2742 593 2774 Ο.
827 2743 852 2762 ¹¹
876 2743 1107 2774 inefficabiliter
1124 2743 1161 2775 Ο.
1510 2744 1536 2763 ¹²
1559 2744 1649 2775 unita
1665 2743 1701 2776 C.

290 2785 316 2804 ¹³
339 2785 463 2815 unionis
478 2787 518 2816 A.
823 2785 848 2805 ¹⁴
871 2786 973 2817 facere
990 2786 1029 2817 Ο.
