2028 3346
210 239 279 266 cst.
297 239 364 272 XL]
666 239 724 267 DE
754 238 1001 266 BENEDICTA
1031 236 1367 264 INCARNACIONE.
1734 218 1816 261 201

212 357 311 395 siout
329 357 523 395 Verbum¹
550 358 677 406 potest
705 369 783 393 esse
809 355 1009 393 dominus²
1038 354 1191 392 sibimet
1218 355 1257 391 et
1283 352 1470 398 minister,
1493 364 1535 388 ac
1553 360 1746 419 puyffiffiesffd
1769 368 1818 419 ³51⁰

212 429 294 464 tota
335 427 483 475 generis
520 426 680 463 humani
717 425 906 474 cognacio,
941 424 993 461 sic
1026 426 1152 473 potest
1189 436 1268 460 esse
1294 424 1400 460 totus
1435 420 1536 468 ignis
1553 427 1766 491 fflictoralglrffiiggss
1790 427 1822 452 of

42 496 195 540 [Alood]
213 498 252 531 et
289 495 461 544 quelibet
485 493 490 545 Ι
515 494 596 531 eius
631 507 719 543 pars
757 493 1043 543 quantitativa:
1088 505 1157 529 nec
1199 491 1308 529 credo
1346 489 1536 527 racionem
1554 494 1725 551 Qgssgrfing
1770 493 1820 518 the

212 563 446 600 diversitatis
469 562 704 612 possibiliter
725 562 1002 610 assignandam.
1059 560 1118 597 2⁶0
1146 560 1281 598 dicunt
1300 559 1414 608 quod,
1437 558 1538 595 sicut

172 629 382 669 5Verbum
418 634 475 669 est
510 635 662 669 tantum
689 645 789 668 unus
820 632 961 677 hom0,³
982 630 1035 667 sic
1067 630 1170 679 quod.
1198 642 1274 666 non
1310 627 1437 673 multi,
1469 639 1536 675 po-

211 701 336 737 nendo
373 701 475 749 quod
506 700 612 737 mille
642 701 705 738 vel
735 700 925 749 quotlibet
952 699 1213 736 humanitates
1242 696 1447 746 assumpsit
1485 695 1537 732 sie

213 772 270 806 est
296 772 449 806 tantum
476 783 576 807 unus
598 769 699 817 ignis
728 770 820 807 licet
847 769 1016 806 infinitas
1046 767 1251 817 igneitates
1275 765 1534 814 assumpserit.

213 837 325 879 Quod
342 851 419 874 non
447 838 581 875 dicunt
607 838 668 875 illi
691 838 758 888 qui
784 840 934 887 ponunt
952 838 1123 874 Verbum
1150 836 1191 873 in
1219 849 1307 873 casu
1334 834 1429 871 illo4
1457 846 1537 871 esse

211 906 353 943 multos
385 906 569 944 homines.
639 907 692 944 Et
722 909 830 956 patet
858 907 971 955 plane
1000 906 1145 953 ranga⁵
1182 903 1537 942 inconveniencium

150 974 196 1008 10
214 975 441 1023 supradicta,
482 988 569 1012 cum
605 975 726 1012 omnis
759 975 975 1012 substancia
1009 987 1078 1022 per
1115 986 1153 1010 se
1189 973 1230 1009 in
1268 985 1404 1020 genere
1440 971 1539 1008 foret

213 1044 338 1089 Pater,
378 1044 513 1089 Filius,
553 1045 617 1081 vel
650 1044 818 1094 Spiritus
855 1046 1033 1081 sanctus:
1066 1046 1103 1080 et
1140 1042 1192 1079 sic
1228 1041 1433 1090 utrobique
1470 1041 1540 1077 illa

212 1112 312 1150 tria⁶
346 1113 539 1161 supposita
577 1112 691 1149 simul
721 1125 850 1149 omnes
883 1110 1098 1148 substancie
1131 1113 1170 1147 et
1203 1109 1330 1146 omnia
1368 1109 1540 1146 acciden-

212 1182 318 1219 tibus
353 1181 559 1218 informata
601 1181 653 1218 sic
690 1181 802 1230 quod,
834 1180 1054 1228 ubicunque
1083 1180 1142 1216 est
1176 1191 1277 1215 unus
1308 1178 1421 1226 ignis,
1449 1179 1540 1215 sunt

1557 1240 1652 1265 which
1675 1240 1699 1265 it
1721 1240 1745 1265 is
1773 1242 1824 1266 not

1558 1274 1650 1298 worth
1680 1274 1765 1300 while
1795 1278 1824 1300 to

1558 1307 1677 1334 discuSS.

212 1252 291 1288 tres
319 1250 427 1298 ignes
456 1250 701 1295 solummodo,
731 1248 799 1298 qui
830 1251 919 1285 sunt
944 1261 1084 1285 omnes.
1140 1247 1382 1284 Infinitatem
1411 1249 1540 1284 autem

151 1320 196 1354 15
214 1318 570 1356 inconveniencium
597 1331 670 1367 que
699 1319 881 1354 secuntur
899 1316 1056 1353 videtur
1083 1315 1200 1353 michi
1229 1316 1393 1353 stultum
1421 1316 1539 1353 dedu-

215 1400 309 1434 cere,
332 1401 418 1425 cum
438 1387 563 1436 gignit
582 1386 879 1424 sollicitudinem
901 1384 1124 1434 apparenoie
1144 1385 1225 1422 sine
1244 1385 1389 1422 fructu.

738 1567 851 1628 Cap,
887 1567 1009 1614 XII.

279 1658 520 1715 [Recz'tanclo
561 1660 760 1711 opiniones
795 1660 926 1699 carias
967 1660 1013 1699 cle
1053 1660 1320 1710 assumpcz'one
1363 1661 1542 1698 creature

217 1736 393 1774 declarat
432 1735 545 1785 quod,
590 1735 626 1774 si
663 1736 878 1774 assumeret
923 1735 1069 1773 multas
1109 1734 1388 1782 humanitates,
1429 1734 1545 1783 foret

217 1810 336 1849 multi
354 1810 539 1857 homines,
563 1809 664 1848 sicut
680 1809 804 1847 dictat
825 1808 1020 1847 sentencia
1040 1808 1169 1847 sancti
1192 1807 1349 1847 leome.

273 1882 453 1934 Ayaz'nst
487 1884 549 1922 tlze
581 1883 734 1922 several
771 1882 949 1933 opinions
984 1883 1069 1921 that
1104 1895 1184 1933 any
1225 1882 1353 1921 divine
1387 1879 1544 1920 Person

218 1971 290 1997 can
321 1970 472 1997 assume
509 1955 565 2010 (a)
600 1971 681 2008 any
708 1958 866 1997 created
896 1959 1067 2004 nature;
1105 1955 1161 2009 (b)
1199 1969 1313 2006 every
1340 1955 1543 1994 substance

217 2031 384 2082 existiny
416 2031 464 2082 by
499 2032 614 2081 itself
637 2031 720 2070 anal
752 2032 844 2082 only
876 2032 969 2069 such
1004 2044 1028 2070 a
1062 2030 1294 2077 substance;
1338 2026 1389 2082 (c)
1430 2042 1545 2079 every

217 2106 395 2144 rational
412 2108 590 2144 creature
611 2105 768 2156 capable
786 2106 834 2156 of
843 2105 934 2144 blz'ss
955 2105 1037 2143 ancl
1055 2105 1149 2156 only
1170 2105 1266 2143 such
1288 2117 1310 2143 a
1333 2105 1512 2142 creature
1529 2116 1543 2142 .·

217 2179 250 2217 a
280 2179 312 2217 is
343 2180 557 2218 contendecl
585 2179 672 2217 that
702 2179 795 2229 only
827 2178 889 2216 the
920 2177 1046 2218 Word
1073 2178 1189 2216 could
1215 2190 1367 2216 assume
1395 2177 1544 2215 human

218 2255 372 2301 nature,
396 2253 477 2292 ancl
497 2253 583 2292 aaut
604 2253 696 2303 only
716 2253 758 2291 in
788 2252 850 2291 the
876 2265 970 2290 man
996 2250 1132 2292 Christ
1155 2249 1276 2291 Jesus
1293 2264 1306 2290 .·
1339 2250 1421 2289 and
1449 2251 1481 2288 a
1511 2251 1544 2288 z's

219 2328 371 2377 aryuecl
398 2327 608 2377 accordlny
631 2329 668 2366 to
691 2327 754 2365 tlze
775 2326 924 2365 dictum
945 2326 994 2375 of
1013 2324 1074 2365 St.
1103 2324 1272 2364 Thomas
1295 2325 1394 2372 that,
1417 2325 1458 2374 z'f
1481 2324 1544 2363 the
1562 2367 1649 2392 What
1730 2367 1827 2393 would

228 2400 354 2442 Worcl
372 2401 553 2439 assumed
571 2413 693 2450 many
712 2400 963 2448 lzumanitz'es,
987 2399 1034 2438 lae
1055 2398 1184 2437 would
1213 2397 1255 2437 be
1275 2410 1396 2448 many
1416 2393 1540 2450 men]
1562 2400 1674 2458 2131ngss
1676 2400 1713 2459 dis
1732 2401 1828 2467 ‘iil-ff}

272 2489 347 2526 Sed
382 2489 686 2526 descendendum
724 2490 782 2525 est
819 2488 866 2524 ad
901 2487 1163 2524 trimembrem
1198 2485 1429 2533 posicionem
1465 2498 1544 2521 mo·
1562 2467 1828 2532 ξὲἷὲἢῖἕιιέεὲηθε.

219 2557 422 2595 dernorum
450 2557 518 2607 qui
542 2557 648 2594 inani
675 2556 932 2593 sollicitudine
952 2556 1168 2593 venantur⁷
1189 2554 1281 2603 quid
1307 2553 1545 2600 contingeret
1562 2533 1828 2604 {ligprutplasedgiqu

151 2633 201 2668 20
219 2627 251 2664 si
284 2626 457 2664 Christus
492 2626 635 2663 multas
670 2625 931 2662 humanitates
967 2625 1189 2661 assumeret.
1245 2622 1412 2659 Falsitas
1442 2622 1544 2659 enim
1561 2602 1670 2657 astato
1689 2599 1829 2625 mamfold

277 2710 287 2730 ¹
311 2721 375 2741 non
391 2712 462 2741 add.
484 2711 519 2741 B.
693 2709 706 2728 ²
729 2709 803 2741 deus
818 2710 847 2740 A
859 2709 884 2740 B
898 2708 933 2740 C.
1119 2707 1131 2727 3
1153 2718 1234 2738 unus
1249 2707 1344 2738 homo
1360 2718 1418 2738 om.
1439 2706 1477 2737 O.
1568 2706 1580 2726 4
1603 2705 1683 2738 illud
1699 2705 1739 2738 O.

276 2754 288 2773 ⁵
312 2764 410 2795 tanga
428 2753 516 2795 (aren
531 2754 751 2795 superscripto)
769 2754 817 2791 A;
843 2762 961 2794 arenga
977 2751 1022 2790 B;
1048 2760 1147 2792 ranga
1164 2762 1220 2781 om.
1239 2761 1303 2780 cum
1321 2751 1431 2781 lacuna
1448 2749 1484 2781 C.

276 2796 289 2816 ⁶
313 2797 375 2828 tria
391 2808 448 2827 om.
470 2796 508 2828 O.
1111 2796 1123 2815 7
1148 2793 1311 2825 variantur
1329 2792 1367 2824 O.
