2028 3346
226 1965 291 1991 And
314 1964 372 1990 this
395 1964 420 1989 is
444 1964 493 1990 the

227 1998 355 2024 doctrine
384 1998 415 2023 of
442 1998 493 2024 the

226 2031 403 2057 Athanasian

227 2066 336 2098 Creed;

825 248 1046 276 JOHANNIS
1076 247 1246 275 WYCLIF
1711 244 1790 278 [CAP.
1809 243 1837 270 1.

500 371 672 418 tempore
692 367 795 417 quod
814 366 916 416 cepit
935 379 982 404 ex
1003 368 1174 416 tempore
1192 381 1200 404 :
1232 365 1403 404 Verbum
1424 367 1553 403 autem
1573 364 1614 401 in
1632 362 1835 413 principi0‚

501 452 571 488 per
590 437 693 488 quod
710 437 814 474 facta
833 438 924 474 sunt
943 436 1070 473 omnia
1088 438 1272 485 tempora,
1294 437 1448 484 tempus
1471 433 1589 482 elegit
1618 446 1693 483 quo
1722 432 1840 470 susci-

501 510 611 558 peret
639 520 802 551 carnem,
823 519 902 543 non
927 505 1117 555 tempori¹
1143 505 1256 543 cessit
1277 507 1324 543 ut
1351 506 1567 542 verteretur
1590 503 1632 540 in
1662 515 1836 540 carnem:

501 578 616 614 homo
653 576 796 627 quippe
828 575 910 612 Deo
949 574 1117 621 accessit,
1153 587 1230 611 non
1266 574 1373 611 Deus
1409 587 1431 611 a
1469 586 1507 610 se
1544 571 1726 610 recessit.'
1789 571 1842 608 Et

504 647 680 696 sequitur
716 646 764 683 ad
799 644 1049 694 propositum.
1117 647 1125 664 ‘
1148 642 1211 681 Sic
1240 645 1370 680 autem
1398 641 1575 691 quidam²
1601 640 1710 678 reddi
1739 640 1836 688 sibi}
1862 641 1901 684 [0
1917 639 2016 682 2170]

503 716 696 753 racionem
723 714 915 762 flagitant,
943 713 1131 762 quomodo
1159 712 1266 749 Deus
1292 711 1440 748 homini
1467 710 1685 760 permixtus
1713 709 1774 756 sit,
1796 712 1843 748 ut

504 798 583 822 una
611 785 721 822 fieret
753 795 915 832 persona
950 782 1106 828 Christi,
1141 795 1227 819 cum
1257 782 1354 818 hoc³
1391 781 1510 818 semel
1540 779 1625 817 fieri
1655 780 1841 828 oporteat.

507 854 583 892 Sed
615 866 730 903 quam
765 852 957 890 racionem
988 852 1153 889 reddant
1189 851 1264 900 ipsi
1290 851 1337 888 de
1366 863 1407 888 re
1447 863 1546 900 quae
1584 849 1746 887 cotidie⁴
1782 849 1840 896 fit,

506 922 694 973 quomodo
739 921 867 959 anima
910 920 1117 958 misceatur
1163 919 1311 969 corpori
1355 921 1402 957 ut
1450 932 1529 956 una
1574 931 1736 968 persona
1775 917 1845 955 fiat

505 990 706 1029 hominis?
777 991 879 1028 Nam
912 989 1012 1027 sicut
1051 990 1093 1026 in
1134 989 1312 1026 unitate⁵
1348 1001 1508 1037 persone
1546 987 1673 1025 anima
1708 986 1846 1024 unitur
1867 994 1914 1029 10

507 1060 655 1110 corpori
682 1062 727 1098 ut
753 1060 867 1097 homo
896 1059 957 1106 sit,
985 1058 1041 1096 ita
1080 1058 1121 1096 in
1154 1058 1330 1096 unitate⁵
1357 1070 1516 1107 persone
1544 1056 1651 1094 Deus
1685 1055 1846 1093 unitur⁶

506 1129 654 1168 homini
685 1132 732 1167 ut
761 1129 958 1167 Christus⁷
993 1128 1054 1166 sit.
1111 1128 1161 1165 In
1184 1127 1253 1165 illa
1283 1140 1373 1176 ergo
1402 1140 1565 1176 persona
1597 1126 1770 1163 mixtura
1789 1126 1847 1163 est

508 1200 634 1237 anime
672 1201 712 1237 et
757 1198 936 1248 corporis,
976 1198 1019 1235 in
1055 1198 1127 1235 hac
1163 1198 1352 1247 persona⁸
1393 1196 1566 1234 mixtura
1603 1197 1661 1233 est
1696 1194 1772 1232 Dei
1808 1196 1848 1233 et

506 1268 684 1306 hominis.
743 1268 785 1306 Si
812 1270 943 1306 tamen
983 1268 1148 1313 recedat,
1182 1267 1361 1304 ⁹auditor
1392 1279 1414 1303 a
1454 1264 1730 1303 consuetudine
1767 1277 1847 1302 cor-

505 1352 643 1388 porum
673 1340 774 1388 qua⁹
807 1338 932 1376 solent
967 1338 1041 1375 duo
1084 1337 1255 1386 liquores
1294 1336 1351 1373 ita
1388 1334 1541 1373 misceri
1579 1336 1625 1372 ut
1662 1336 1846 1371 neutrum
1870 1336 1916 1371 15

508 1410 634 1445 servet
664 1421 771 1445 suam
803 1406 1095 1455 integritatem.'
1153 1407 1206 1443 Et
1236 1405 1423 1455 sequitur.
1483 1408 1492 1425 ⁴
1507 1404 1608 1446 Quia
1646 1417 1736 1452 ergo
1769 1415 1847 1440 non

507 1478 706 1526 oportebat
731 1479 777 1514 ut
803 1476 845 1513 in
874 1476 1118 1525 plenitudine
1141 1475 1325 1524 temporis
1351 1487 1496 1512 novum
1520 1474 1667 1511 faceret
1680 1474 1705 1493 ¹⁰
1733 1485 1846 1510 mun-

507 1546 612 1594 dum,
642 1547 776 1583 nova¹¹
808 1545 902 1583 fecit
929 1545 971 1582 in
999 1545 1154 1582 mundo.
1211 1544 1340 1581 Homo
1370 1543 1473 1581 enim
1503 1543 1550 1580 de
1583 1541 1734 1591 virgine
1759 1554 1845 1591 pro-

508 1618 658 1653 creatus
684 1617 722 1653 et
751 1628 773 1652 a
790 1614 953 1652 mortuis
977 1614 1019 1652 in
1045 1617 1218 1652 eternam
1243 1613 1366 1651 vitam
1391 1612 1642 1650 resuscitatus
1667 1613 1706 1649 et
1734 1622 1848 1660 super

507 1684 608 1721 celos
628 1684 825 1721 exaltatus
843 1683 1080 1732 potencius¹2
1098 1682 1260 1720 fortasse
1281 1694 1377 1731 opus
1390 1682 1416 1702 ¹³
1438 1683 1496 1718 est
1516 1693 1632 1730 quam
1651 1678 1845 1717 mundus.’
1868 1678 1918 1714 20

509 1752 751 1795 Quotlibet14
780 1755 870 1790 sunt
897 1752 992 1790 talia
1020 1752 1124 1789 dicta
1151 1752 1270 1801 hujus
1298 1750 1388 1788 boni
1424 1749 1603 1797 hominis,
1635 1762 1685 1787 ex
1706 1749 1850 1799 quibus

509 1821 651 1870 aperiri
667 1822 694 1843 ¹⁵
724 1823 853 1871 potest
887 1834 1020 1858 sensus
1051 1821 1238 1869 scripture
1267 1820 1463 1870 loquentis
1490 1819 1595 1857 varie
1626 1819 1672 1856 de
1702 1818 1784 1868 ipso
1800 1819 1843 1867 ¹⁶1
1869 1822 2000 1866 [A'lea]

510 1894 550 1929 et
569 1890 826 1928 controversia
844 1891 1045 1928 doctorum
1064 1889 1313 1939 sequencium
1332 1888 1593 1927 concordari.¹⁷

564 1960 617 1998 Et
640 1962 749 2009 patet
768 1960 872 2010 quod
896 1960 938 1997 in
959 1960 1116 1997 simbolo
1137 1958 1342 1997 Athanasii
1361 1958 1513 2008 quando
1533 1957 1677 1995 dicitur
1700 1957 1850 1995 ‘Filius

512 2043 534 2067 a
553 2029 669 2067 Patre
695 2029 773 2066 solo
800 2042 878 2066 non
904 2032 962 2067 est
985 2029 1113 2066 factus
1132 2042 1202 2066 nec
1223 2030 1374 2066 creatus
1394 2028 1460 2065 sed
1479 2027 1653 2076 genitus'
1675 2026 1850 2077 loquitur
1867 2028 1915 2062 25

511 2098 558 2135 de
578 2111 622 2135 eo
646 2111 742 2147 pure
768 2098 977 2135 secundum
1005 2097 1231 2135 deitatem.¹⁸
1286 2097 1414 2134 Aliter
1442 2096 1545 2134 enim
1574 2095 1851 2134 contradiceret

512 2166 585 2205 sibi
612 2167 698 2217 ipsi,
731 2180 817 2205 cum
844 2167 1054 2204 secundum
1082 2167 1367 2204 humanitatem
1396 2168 1602 2215 conceptus
1632 2168 1691 2203 est
1721 2179 1743 2203 a
1768 2166 1851 2203 tota

512 2237 703 2275 Trinitate
740 2250 790 2281 ex
829 2237 1047 2275 substancia
1084 2236 1248 2274 matris:
1298 2238 1344 2274 ut
1381 2236 1477 2274 dicit
1513 2236 1617 2273 idem
1645 2234 1851 2273 simbolum

513 2308 666 2358 quando
684 2309 770 2356 post
788 2306 1000 2344 introducit
1016 2306 1160 2344 Christi
1178 2305 1485 2343 incarnacionem
1505 2305 1715 2342 secundum
1735 2316 1851 2353 quam

513 2376 608 2414 dicit
627 2376 823 2414 verissime
843 2377 946 2426 quod
965 2376 1140 2414 Christus
1159 2378 1217 2413 est
1235 2375 1360 2412 minor
1377 2377 1499 2424 patre.
1870 2377 1918 2412 30

566 2447 620 2484 Et
637 2445 740 2484 idem
757 2448 866 2496 patet
890 2446 931 2483 ln
954 2446 1029 2484 alio
1055 2446 1213 2483 simbolo
1239 2444 1397 2482 ecclesie
1411 2459 1420 2492 ;
1450 2443 1518 2482 ubi
1539 2443 1662 2493 primo
1689 2443 1852 2493 loquens

286 2550 297 2570 ¹
321 2536 431 2598 tepali
449 2549 487 2582 Ο.
619 2549 633 2569 ²
657 2549 785 2592 quidam
801 2560 858 2581 om.
878 2549 916 2581 B.
1037 2549 1050 2569 ³
1072 2548 1132 2580 hoc
1148 2559 1205 2579 om.
1227 2548 1268 2581 O.
1355 2546 1369 2568 4
1393 2546 1533 2590 quotidie
1550 2548 1577 2578 A
1591 2546 1640 2587 B;
1665 2545 1793 2578 cottidie
1810 2544 1848 2577 C.

286 2600 299 2620 ⁶
322 2602 479 2632 unitatem
497 2602 524 2632 A
537 2600 573 2632 G.
706 2601 718 2621 ⁶
742 2600 887 2632 unitatur
905 2601 943 2632 O.
1099 2600 1111 2620 7
1136 2599 1211 2630 deus
1229 2598 1266 2630 B.
1424 2599 1436 2619 Β
1459 2608 1593 2640 persona
1608 2609 1666 2628 om.
1686 2597 1714 2628 A
1726 2597 1752 2628 B
1767 2596 1803 2628 O.

284 2645 296 2664 ⁹
320 2644 445 2675 auditor
472 2654 491 2675 a
516 2643 748 2675 consuedudine
773 2654 940 2685 corporum
970 2642 1127 2685 quomodo
1144 2644 1193 2681 A;
1219 2641 1346 2673 auditor
1373 2652 1392 2672 a
1413 2640 1656 2672 consbbetutine
1682 2649 1850 2682 corporum

229 2687 385 2729 quomodo
407 2687 433 2718 B
448 2697 455 2725 ;
482 2686 591 2718 audito
614 2679 741 2719 a9sne¹10
758 2692 795 2728 qa
812 2687 850 2718 Ο.
866 2697 873 2725 ;
900 2696 962 2728 qua
978 2689 1066 2727 Auq.
1380 2685 1405 2704 1⁰
1430 2684 1519 2715 fieret
1534 2685 1563 2715 A
1577 2684 1602 2714 B
1615 2683 1651 2715 C.

274 2730 299 2750 ¹¹
326 2740 440 2761 novam
458 2729 493 2761 C.
758 2731 782 2749 ¹²
806 2730 1038 2772 competencius
1055 2730 1081 2760 A
1095 2729 1134 2760 B.
1377 2728 1403 2748 ²³
1427 2728 1626 2768 omnipotens
1643 2727 1671 2757 A
1685 2726 1711 2757 B
1726 2725 1763 2760 C.

274 2772 299 2793 ¹⁴
322 2776 418 2815 quota
435 2772 474 2804 O.
759 2773 786 2792 ¹⁵
810 2783 960 2815 apparere
976 2774 1006 2804 A
1020 2773 1045 2803 B
1061 2772 1096 2804 O.
1381 2771 1407 2792 1⁶
1432 2770 1559 2803 Christo
1577 2772 1603 2801 A
1617 2769 1644 2801 B
1656 2769 1691 2801 O.

273 2816 298 2837 1⁷
322 2815 510 2848 concordare
527 2815 564 2848 Ο.
754 2816 781 2836 18
805 2815 1006 2847 divinitatem
1023 2816 1052 2847 A
1065 2815 1091 2846 B
1106 2814 1143 2847 G.
