2028 3346
153 249 208 290 48

155 514 241 539 Peter
257 513 425 538 Lombard’s

157 547 251 572 denial
267 547 425 572 accounted

156 580 200 605 for
224 581 261 612 by
283 580 332 605 the
364 587 423 604 am-

155 613 269 646 biguity
309 613 342 638 of
377 613 425 638 the

156 648 246 672 terms
263 647 423 679 employed.

156 1014 203 1040 He
216 1014 276 1040 will
290 1015 361 1048 only
374 1023 425 1041 use

156 1049 206 1073 the
225 1051 299 1074 term
321 1052 405 1074 ‘man
417 1049 424 1061 ¹

156 1083 240 1107 when
265 1083 338 1115 body
370 1083 425 1108 and

155 1115 221 1142 soul
233 1123 280 1142 are
299 1116 408 1144 united.

158 1494 218 1519 The
244 1493 359 1526 author,
372 1493 425 1519 fol—

155 1527 263 1559 lowing
271 1528 427 1560 Scripture,

157 1561 329 1593 Angustiae,
341 1562 426 1594 lingo

158 1595 194 1620 de
235 1595 275 1621 St.
320 1595 427 1627 Victor,

159 1628 216 1653 and
228 1632 291 1653 true
300 1628 428 1659 philoso-

158 1662 229 1694 phy,
242 1669 308 1687 uses
322 1663 328 1675 ‘
343 1669 409 1686 man
419 1661 426 1673 ’

159 1695 204 1720 for
214 1696 289 1727 body
298 1695 355 1720 and
365 1695 427 1720 soul

158 1728 190 1754 of
228 1736 305 1761 man,
357 1736 428 1754 even

159 1762 243 1788 when
256 1763 415 1795 separated.

158 2329 240 2356 Thus
263 2330 360 2356 Christ
382 2337 427 2355 re-

159 2364 275 2389 mained
285 2367 348 2389 true
361 2371 427 2388 man

160 2397 216 2422 and
249 2405 264 2422 a
296 2400 427 2422 creature

160 2430 189 2455 in
199 2431 248 2455 the
257 2430 337 2456 three
347 2431 426 2462 days,

160 2463 303 2495 although
345 2464 393 2489 the

160 2500 240 2528 parts
260 2497 292 2522 of
310 2497 355 2521 his
374 2497 428 2521 hu-

159 2537 226 2555 man
239 2535 341 2555 nature
355 2537 428 2555 were

160 2563 230 2589 then
243 2564 402 2595 separated.

758 262 979 290 JOHANNIS
1009 263 1180 291 WYCLIF
1633 262 1716 296 [CAP.
1731 260 1788 288 111.

444 379 613 428 ¹species
646 380 816 417 humana
834 394 841 418 :
859 380 869 400 ¹
906 380 958 418 sic
991 394 1153 430 persona
1190 381 1310 418 Verbi
1340 381 1415 419 Dei
1444 384 1502 420 est
1530 382 1650 420 trium
1677 385 1790 420 natu-

443 462 573 486 rarum
594 449 768 498 quelibet
789 451 828 486 et
847 452 978 487 tamen
997 463 1075 486 una
1094 463 1256 499 persona
1275 450 1408 488 Verbi.

498 518 610 560 Quod
630 522 760 556 autem
780 518 970 567 Magister
989 519 1249 557 Distinctione
1278 522 1326 556 22
1356 519 1471 557 aliter
1497 520 1673 570 loquitur
1701 533 1789 557 curn

444 587 636 624 modernis
682 591 740 625 est
783 591 940 637 propter
984 587 1331 638 equivocacionem‚
1373 602 1459 626 cum
1497 603 1575 627 non
1617 589 1791 626 admittit

443 656 593 706 aliquid
629 669 698 705 pro
732 669 964 706 quacunque
1001 670 1181 694 mensura
1219 670 1300 695 esse
1334 657 1542 704 hominem,
1582 659 1658 696 nisi
1694 661 1790 696 tunc
1812 663 1832 697 5

443 728 694 775 componatur
731 739 780 763 ex
817 739 972 775 corpore
1011 729 1050 764 et
1087 727 1226 763 anima.
1283 726 1364 763 Nos
1396 729 1526 764 autem
1557 729 1789 777 sequentes²

443 794 673 843 scripturam
702 807 778 831 non
810 795 899 832 ficte
929 795 994 832 sed
1022 795 1312 845 philosophice³
1340 795 1504 834 dicimus
1524 798 1627 846 quod
1655 797 1789 834 eadem

442 876 604 912 persona
623 863 731 901 Petri
751 864 814 901 vel
843 864 1107 914 cuiuscunque
1138 864 1260 902 sancti
1287 863 1436 913 prioris,
1461 878 1536 914 que
1566 868 1789 903 conversata

444 935 502 970 est
529 933 593 971 hic
622 933 870 982 corporaliter
906 933 948 970 in
975 934 1100 981 terris,
1132 936 1264 971 manet
1291 933 1367 970 iam
1395 934 1508 971 beata
1535 934 1576 972 in
1606 934 1720 982 celis;
1752 937 1790 973 et

443 1002 666 1052 ubicunque
686 1006 744 1041 est
764 1002 924 1052 spiritus
943 1004 1010 1041 ille
1030 1006 1180 1041 creatus
1207 1003 1286 1040 sive
1315 1002 1355 1039 in
1385 1015 1539 1052 corpore
1569 1004 1649 1041 sive
1678 1007 1789 1041 extra
1813 1010 1860 1045 10

444 1085 581 1121 eorpus
601 1074 658 1109 est
677 1071 779 1109 idem
799 1072 912 1109 homo
932 1071 973 1109 in
993 1085 1165 1120 numero,
1182 1075 1222 1110 et
1241 1072 1377 1118 solum,
1400 1072 1469 1109 ubi
1492 1075 1551 1111 est
1571 1086 1707 1122 corpus
1727 1073 1791 1110 vel

443 1140 583 1187 anima,
613 1143 670 1178 est
699 1153 861 1190 persona
888 1140 1127 1178 humanitus.
1185 1141 1241 1179 Ut
1268 1143 1377 1190 patet
1407 1142 1479 1190 Ep.
1504 1145 1552 1178 40
1574 1142 1622 1179 ad
1642 1141 1791 1179 Darda-

442 1223 548 1246 num.
606 1210 659 1247 Et
679 1223 766 1247 cum
786 1212 931 1247 certum
956 1210 1007 1247 sit
1033 1210 1136 1259 quod
1157 1210 1333 1250 Christus
1361 1226 1430 1262 pro
1458 1212 1527 1248 illo
1555 1211 1686 1248 triduo
1714 1223 1792 1248 non

444 1278 685 1327 componitur
713 1278 971 1328 qualitative4
1002 1292 1053 1316 ex
1082 1293 1236 1328 corpore
1266 1284 1304 1318 et
1333 1281 1472 1328 anima,
1497 1293 1539 1318 eo
1570 1280 1671 1329 quod
1698 1279 1790 1317 unio

443 1347 601 1384 illorum
621 1347 868 1394 dissolvitur3
889 1349 998 1397 patet
1018 1349 1122 1397 quod
1141 1351 1234 1387 tunc
1253 1363 1324 1388 nec
1345 1353 1403 1388 est
1423 1350 1476 1387 sic
1490 1351 1603 1386 homo
1619 1348 1791 1386 mortalis
1813 1352 1858 1386 15

443 1430 513 1454 nec
539 1417 653 1454 homo
683 1416 924 1463 immortalis,
949 1417 1042 1466 quia
1073 1430 1151 1455 non
1180 1419 1228 1456 ad
1257 1419 1396 1457 illum⁵
1429 1432 1583 1457 sensum
1611 1421 1706 1456 tunc
1733 1420 1792 1456 est

444 1487 571 1523 homo.
630 1486 671 1524 Si
702 1489 833 1524 autem
865 1488 1054 1524 vocatur⁶
1092 1501 1181 1525 vere
1213 1501 1349 1538 corpus
1387 1491 1426 1527 et
1459 1488 1587 1526 anima
1617 1489 1792 1537 separata

445 1558 656 1605 utrumque
676 1556 801 1603 homo,
821 1555 922 1593 sicut
940 1557 1052 1593 vocat
1071 1556 1189 1604 Hugo
1210 1557 1256 1595 de
1277 1558 1576 1595 sanctoVictore
1596 1557 1790 1606 sequendo

447 1623 724 1672 Augustinum,
775 1623 997 1673 scripturas,
1046 1629 1084 1662 et
1130 1625 1415 1675 philosophicas
1451 1625 1624 1663 raciones
1645 1640 1653 1673 ;
1693 1627 1789 1662 tunc

445 1693 754 1742 respondendum
784 1695 843 1731 est
875 1693 976 1731 sicut
1006 1694 1183 1743 superius
1213 1696 1261 1733 ad
1289 1695 1472 1733 obiectus.
1529 1695 1632 1732 Nam
1663 1694 1791 1732 anima

447 1765 505 1800 est
524 1776 592 1812 per
612 1776 650 1800 se
668 1763 781 1800 homo
802 1765 841 1800 et
861 1776 997 1812 corpus
1018 1764 1023 1808 Ι
1042 1764 1326 1813 nuncupative3
1351 1767 1391 1803 et
1410 1764 1463 1802 sic
1483 1766 1693 1814 utrumque
1713 1777 1790 1801 non
1810 1768 1854 1812 [A
1869 1770 1948 1814 81b]

446 1832 522 1868 duo
542 1831 727 1879 homines,
752 1831 817 1868 sed
835 1844 938 1869 unus
957 1834 1125 1870 tantum.
1183 1832 1225 1870 Si
1244 1836 1375 1871 autem
1395 1833 1584 1881 Magister
1603 1832 1791 1881 intelligit

445 1900 641 1937 hominem
661 1899 862 1937 collective
880 1913 949 1949 pro
961 1901 973 1922 ⁷
993 1900 1142 1938 duabus
1161 1901 1312 1939 naturis
1331 1902 1379 1939 ad
1392 1903 1404 1923 Β
1422 1901 1591 1939 invicem
1606 1907 1644 1939 et
1662 1902 1790 1939 Verbo

446 1969 662 2020 ypostatice
694 1969 895 2019 copulatis,
918 1982 996 2006 non
1022 1972 1081 2007 est
1111 1971 1213 2007 color
1246 1971 1348 2020 quod
1373 1973 1468 2008 tunc
1497 1971 1547 2008 sit
1574 1971 1687 2008 homo
1714 1970 1791 2008 nisi

446 2042 613 2088 utraque
633 2042 774 2076 natura
794 2038 845 2076 sit
864 2039 977 2076 homo
995 2053 1003 2076 :
1036 2041 1075 2076 et
1095 2039 1148 2077 5ἱο
1168 2042 1268 2077 esset
1292 2041 1405 2078 homo
1434 2040 1662 2078 immortalis
1690 2040 1791 2077 sicut
1810 2042 1858 2076 25

446 2108 575 2146 anima
607 2108 686 2145 fuit
719 2121 741 2145 a
774 2109 867 2145 sua⁹
898 2107 1046 2156 origine
1084 2107 1336 2156 immortalis;
1374 2112 1411 2147 et
1449 2122 1518 2159 per
1555 2122 1791 2159 consequens

445 2178 587 2227 partim
619 2177 805 2225 mortalis,
838 2177 930 2227 quia
962 2180 1150 2225 mortuus,
1182 2181 1221 2216 et
1252 2178 1395 2228 partim
1427 2178 1667 2225 immortalis,
1699 2178 1792 2228 quia

447 2247 587 2284 anima.
626 2247 712 2283 Hoc
733 2249 864 2284 autem
884 2247 1169 2284 concedendum
1190 2249 1248 2285 est
1266 2248 1313 2285 de
1333 2248 1507 2298 quolibet
1526 2248 1601 2285 alio
1620 2248 1789 2286 homine.

499 2315 647 2354 Mansit
666 2329 756 2364 ergo
778 2315 955 2353 Christus
973 2329 1042 2365 pro
1061 2315 1191 2353 triduo
1211 2316 1336 2354 minor
1355 2320 1463 2366 patre
1484 2317 1694 2367 quidlquid
1712 2316 1792 2355 fuit
1811 2326 1849 2369 [0
1861 2327 1963 2372 220d]

447 2388 535 2424 ante
556 2388 595 2423 et
624 2385 676 2423 sic
706 2385 950 2434 suppositum
977 2385 1145 2423 humane
1176 2385 1315 2435 speciei
1342 2386 1435 2424 licet
1463 2399 1540 2423 non
1568 2390 1662 2424 tunc
1691 2399 1792 2423 com-

445 2456 679 2505 polnebatur
715 2454 945 2504 qualitative
984 2467 1033 2492 ex
1071 2454 1199 2491 anima
1236 2458 1275 2492 et
1312 2468 1479 2505 corpore.
1546 2456 1659 2493 Unde
1696 2458 1790 2494 tune
1811 2464 1964 2511 [13124b]

447 2524 656 2573 complevit
702 2523 964 2561 obedienciam
1010 2523 1197 2562 Trinitati
1213 2524 1239 2545 ¹⁰
1276 2524 1532 2562 ministrando
1580 2525 1791 2563 secundum

446 2597 626 2631 naturam
646 2596 894 2643 assumptam.

220 2695 265 2718 1—¹
291 2695 435 2737 specifica
450 2695 591 2726 humana
608 2695 632 2727 C
649 2705 655 2734 ;
682 2695 827 2737 specifica
844 2706 901 2727 om.
918 2696 1060 2727 humana
1085 2696 1122 2728 Ο.
1293 2728 1305 2735 „
1386 2696 1399 2717 ²
1422 2698 1646 2739 consequentes
1669 2697 1698 2728 A
1712 2697 1737 2728 B
1751 2696 1785 2730 C.

219 2738 232 2758 ³
255 2739 425 2781 sophistice
443 2739 480 2770 B.
1250 2738 1264 2759 4
1288 2738 1380 2781 filet&
1403 2739 1441 2771 Ο.

220 2782 233 2801 ⁶
257 2781 297 2813 ad
311 2781 354 2813 id’
368 2782 486 2813 :idem
503 2781 527 2813 O
543 2792 550 2821 3
577 2781 669 2813 illum
685 2792 743 2813 om.
764 2781 802 2813 Ο.
905 2781 917 2801 ⁵
940 2784 1093 2813 vocentur
1111 2782 1149 2813 Ο.
1250 2782 1262 2802 7
1286 2793 1342 2824 Ρ61·
1359 2782 1398 2813 Ο.

221 2825 234 2846 θ
256 2823 296 2856 ab
315 2824 353 2856 Ο.
903 2824 916 2844 9
939 2835 996 2856 suo
1012 2825 1042 2856 A
1053 2825 1079 2856 B
1095 2825 1130 2858 O.
1233 2824 1258 2845 ¹⁰
1282 2824 1422 2857 trinitati
1438 2836 1506 2858 cum
1523 2826 1634 2857 lacuna
1650 2836 1708 2857 om.
1727 2824 1765 2857 G.
